2494 4454
214 488 250 540 22
518 485 843 547 OBSERVATIONES

253 679 296 689 -
309 678 352 689 -
367 644 395 705 t.
421 642 548 707 “intre''
563 655 664 708 castra
679 646 767 709 sua.''

254 769 271 805 *
286 767 366 825 Voss.
381 767 421 824 t'n.
460 769 538 828 Fort.
554 771 704 829 intrantem
717 772 758 830 tu.

253 941 296 952 -
310 947 353 960 -
368 907 418 968 10.
444 916 604 992 “quarum
619 909 722 972 metu*
737 909 971 996 perterriti-.''

250 1034 269 1071 *²
282 1051 336 1109 quo
348 1052 378 1091 re
391 1033 475 1092 Mss.
493 1033 583 1092 Scriv.
625 1035 702 1094 Fert.
718 1055 833 1112 quorum
846 1040 982 1113 repentine
996 1041 1104 1114 impetu.

255 1170 337 1236 Ibid.
362 1171 506 1236 “milites
529 1196 547 1236 a
569 1173 769 1240 dimicatione
790 1186 822 1240 et
843 1177 994 1242 nauticis*
1009 1177 1153 1242 ministe-

211 1275 264 1339 riis
278 1275 535 1363 impedirentur.”

251 1404 270 1441 ⁴⁶
284 1403 379 1474 Scribe
393 1409 419 1462 et
432 1409 531 1463 ecutae
545 1405 575 1464 iu
589 1409 652 1466 ecte.

254 1583 295 1592 -
316 1581 359 1590 -
389 1545 440 1607 12.
475 1545 615 1631 “inpetu
640 1546 673 1608 in
703 1545 833 1609 classem
864 1546 1017 1610 hostium*
1049 1571 1152 1632 quum

210 1646 452 1714 transiluisset.''

249 1776 268 1813 ⁴⁶
282 1777 359 1835 Fort.
368 1747 481 1854 2-1'em.
497 1779 527 1836 eie
541 1799 561 1836 e.
573 1779 599 1836 t.
613 1777 703 1858 [fecto
716 1779 749 1837 in
761 1798 864 1838 navem
878 1778 989 1858 eorum]
1001 1800 1025 1856 q.
1039 1785 1127 1838 truce.

255 1957 295 1968 -
310 1952 351 1962 -
369 1917 419 1980 16.
437 1921 456 1952 “
466 1917 569 1980 hosti.
588 1916 744 1981 ,dandum
759 1939 827 2002 esse
842 1917 926 1984 viam
940 1917 1133 2004 fugiendi*.”

248 2041 266 2078 ’ὅ
279 2041 358 2100 Fort.
384 2043 451 2100 -te'
460 2065 470 2100 .·
490 2045 526 2100 cf.
542 2043 573 2102 ii.
589 2049 615 2101 6.
632 2048 665 2113 1.,
683 2044 879 2120 “seruientibue
892 2044 940 2102 via
953 2045 1020 2103 data
1033 2045 1107 2103 est.”
1177 2019 1178 2022 .

252 2215 292 2225 -
306 2217 349 2226 -
365 2181 415 2244 18.
435 2181 517 2244 “ut*
532 2181 593 2245 hoc
612 2181 839 2268 permitterent,
861 2182 1079 2269 poscentibus*
1098 2207 1151 2246 se-

210 2283 375 2348 curitatem
390 2287 566 2372 promisit.’'

246 2415 334 2452 μ*
347 2416 522 2474 Particulam
545 2416 650 2492 accipio
673 2421 706 2474 ut
726 2417 808 2492 quasi
828 2435 859 2474 eu
879 2416 1038 2488 conditione,
1061 2420 1149 2474 eet-t

209 2512 274 2571 vide
288 2513 323 2570 ad
338 2514 395 2572 Oic.
410 2515 441 2572 de
454 2515 488 2571 F.
503 2515 534 2572 ii.
551 2519 597 2571 22.
616 2517 671 2586 71„
693 2515 771 2573 Loci.
789 2519 834 2573 15.
851 2519 909 2585 52„
923 2515 954 2572 de
973 2514 1024 2591 Off.
1040 2513 1091 2571 iii'
1102 2517 1149 2572 10.

209 2617 255 2668 45.
276 2613 387 2670 Deinde
400 2613 432 2670 in
444 2613 596 2688 participio
610 2613 676 2672 fort.
688 2634 747 2671 una
765 2615 904 2671 mutanda
919 2613 1014 2682 litero,
1027 2619 1062 2670 ut
1077 2633 1149 2686 pue-

211 2711 330 2770 eeute'bue
344 2712 404 2785 fiat,
421 2731 459 2770 sc.
474 2731 584 2788 pecore.

252 2889 293 2898 -
311 2894 350 2902 -
367 2851 416 2912 20.
433 2856 452 2886 “
464 2849 578 2924 effecit,
591 2861 627 2912 ut
642 2849 744 2935 pulvis
762 2899 769 2913 .
788 2899 795 2914 .
814 2900 821 2913 .
839 2850 993 2936 speciem*
1011 2897 1016 2908 .
1035 2895 1041 2908 .
1058 2872 1150 2912 exer-

210 2957 290 3020 citus
315 2968 478 3034 moverct;
507 2958 597 3042 cujus
623 2956 874 3042 exspectatione*
900 2955 1042 3020 territum
1069 2955 1149 3017 vicit

210 3062 362 3126 hostem.''

247 3192 334 3248 1-.1
348 3189 425 3248 Fort.
446 3189 670 3263 exspectationem
693 3233 745 3246 ...
768 3189 862 3263 specte.
902 3189 1004 3263 Neque
1025 3187 1149 3244 arbitror

208 3290 310 3347 Latine
324 3289 381 3347 dici
394 3290 507 3364 speciem
520 3307 629 3346 mouere.
671 3287 908 3362 Exspectetiouem
927 3291 1023 3344 autem
1039 3304 1146 3342 mouere

209 3389 352 3447 Ciceronis
366 3393 409 3447 est
424 3390 462 3445 ad
473 3389 539 3446 Att.
555 3389 585 3446 ii.
604 3392 650 3446 14.

251 3546 294 3555 —
308 3547 351 3556 -
365 3508 417 3572 21.
438 3506 651 3571 “cedentibus
667 3518 772 3570 autem
787 3501 1133 3592 perniciosissimum*.”

247 3638 266 3674 ⁹⁶
281 3636 325 3694 Sc.
348 3635 378 3693 id
399 3637 502 3711 ipsum,
526 3654 628 3712 nempe
651 3635 758 3693 cedere.
800 3633 864 3690 Nisi
886 3631 969 3688 malie
985 3629 1147 3704 perniciem

209 3736 368 3793 ocieetmum.
