2494 4454
224 449 259 502 10
520 443 851 506 OBSERVATIONES

263 641 306 653 -
317 638 358 652 -
374 579 425 670 31.
449 603 586 683 “Quum
601 603 716 669 deinde
732 603 917 692 Pompeiani
937 605 1040 671 securi
1054 628 1187 672 curva-

178 739 181 748 *
219 710 325 798 tique*
339 709 475 796 pabulo*
490 710 530 776 de
544 709 649 776 reditu
663 711 849 798 cogitarent,
867 751 910 763 -
922 712 949 774 .”

259 859 279 897 '⁵
293 857 407 916 Sariba:
434 857 523 925 Quam
545 857 641 916 deinde
661 857 830 934 Pompeiani
846 859 939 918 aeeare'
961 858 1109 936 vacuique,
1120 878 1188 934 pa·
1224 861 1225 934 t

220 951 354 1012 bulutorea
376 953 408 1012 de
429 953 523 1012 redita
536 954 695 1030 capitumet,
719 959 746 1012 et
760 956 782 1012 ἡ·
804 973 915 1032 qaoque,
931 955 982 1032 qui
1002 955 1187 1016 laetatione
1224 937 1225 962 ³

212 1052 340 1127 fremat,
355 1096 362 1110 .
378 1095 385 1112 .
401 1095 408 1110 .
422 1052 610 1112 dilaberentur
620 1074 633 1119 ,·
656 1055 691 1112 ut
713 1052 854 1130 appositio
875 1053 913 1112 sit
932 1053 1089 1130 partitiva:
1111 1053 1184 1112 vid.

94 1142 96 1148 ’
222 1151 536 1222 Oudenaadi.a.1.;
558 1151 824 1211 addeLiv.vi.24.
843 1155 888 1210 11.
928 1153 974 1211 De
995 1152 1054 1229 adj.
1074 1155 1185 1224 autem
1222 1153 1224 1206 i

201 1251 297 1327 .qu0d
310 1242 354 1310 est
366 1269 466 1310 eueaua
481 1250 560 1311 vidi.
574 1251 698 1328 interpp.
712 1251 749 1310 ad
763 1251 880 1312 Sallust
900 1251 966 1329 «Iup.
981 1255 1027 1310 52.
1040 1250 1070 1311 6.
1223 1269 1225 1357 p

262 1407 353 1478 Ibid.,
372 1409 596 1497 “fugientibus
612 1410 734 1497 equites
748 1411 870 1475 inmissi
884 1421 952 1474 toto
969 1410 1039 1475 eos*
1055 1409 1179 1497 spatie,
1222 1359 1224 1444 l

221 1535 283 1598 quo
299 1513 464 1584 redibatur
475 1515 510 1580 in
527 1526 636 1594 eastra,
653 1517 812 1601 persecuti
826 1517 991 1582 caedunt*
1003 1516 1019 1544 ’⁹

259 1661 278 1698 ⁴⁶
290 1693 330 1703 -
342 1639 441 1733 *Non
454 1661 561 1738 aeeipio
571 1661 767 1739 Oudendorpii
777 1681 819 1720 eoa
828 1681 879 1738 pro
889 1681 928 1721 ee.
955 1663 994 1720 In
1002 1661 1063 1720 illis
1073 1665 1180 1721 autem

214 1763 356 1834 paseat·
362 1760 476 1820 caedunt
486 1760 609 1820 libenter
622 1780 640 1824 a
652 1760 748 1821 cadiae
758 1761 855 1838 aliquo
865 1760 1178 1837 aeeiperemperaerute'
1222 1753 1224 1824 i

219 1859 308 1941 multu
317 1879 377 1920 eum
391 1860 468 1920 suade
481 1864 554 1952 auat.

264 2000 346 2065 Ibida
370 1999 578 2087 “effecitque,
594 2023 635 2065 ne
651 1999 822 2086 Pompeio*
837 1998 1034 2086 expediret.''

259 2148 277 2186 ⁹⁵
290 2147 369 2207 Med.
386 2149 412 2205 1.
425 2147 580 2222 Panaetius.
623 2147 721 2206 Sariba
729 2166 762 2205 ae
775 2146 923 2224 Perpetua
933 2151 960 2204 et
973 2145 1031 2222 ipae
1040 2147 1101 2206 iret.

264 2343 306 2354 -
322 2343 362 2354 -
377 2306 428 2371 37.
453 2313 474 2347 “
483 2304 697 2392 praecipitatis
711 2303 745 2367 in
760 2303 868 2390 fugam
882 2302 1015 2380 Parthis,
1031 2302 1082 2366 in*
1097 2303 1164 2368 his*

221 2411 458 2478 Pharnastanen
472 2411 664 2477 interfecit.’'
799 2422 801 2426 ’

259 2560 278 2598 ⁹⁵
291 2561 329 2620 ln
348 2557 456 2634 fugatis
475 2561 642 2616 numeratur
661 2557 749 2616 etiam
767 2557 827 2630 ille,
850 2557 902 2634 qui
922 2561 965 2616 est
987 2555 1162 2629 interfectus,

103 2648 108 2657 ’
220 2659 438 2718 Pharnastanes.
481 2656 524 2716 cf.
540 2656 664 2715 similem
684 2657 837 2732 quamdam
851 2656 944 2714 eursu
961 2655 1163 2731 negligentiam

225 2758 298 2816 Obaa
312 2777 341 2834 p.
357 2759 384 2818 7.
395 2807 398 2812 .
425 2756 470 2816 De
482 2755 605 2814 formula
617 2757 713 2813 autem
726 2755 758 2813 a‘a
771 2754 815 2812 lu'a
827 2755 894 2812 vide
907 2755 943 2812 ad
958 2754 1017 2814 Oia.
1032 2755 1062 2812 de
1072 2754 1105 2812 F.
1120 2755 1161 2814 iii.

223 2862 266 2916 18.
282 2861 339 2928 60„
354 2876 382 2916 u.
399 2860 424 2915 5.
441 2860 501 2927 14.;
515 2853 587 2913 adde
601 2853 660 2912 cia.
675 2873 703 2930 p.
715 2852 817 2912 Plane.
832 2858 877 2911 28.
889 2853 946 2924 68„
963 2857 1010 2910 30.
1026 2853 1083 2924 74„
1097 2853 1159 2911 Liv.

223 2956 359 3014 xxiiaa.
375 2959 419 3013 15.

265 3131 307 3142 —-
322 3131 365 3142 --
380 3094 431 3157 42.
456 3097 476 3132 “
488 3113 586 3156 naves
597 3101 702 3155 autem
715 3090 884 3168 omnium*
899 3100 1059 3176 tamquam
1071 3111 1158 3153 onus·

221 3213 267 3264 tas
282 3198 398 3280 milite,-
407 3197 511 3285 palam
525 3197 762 3284 transnavigare
774 3195 899 3281 jussit.³’

260 3349 279 3386 ⁴⁵
291 3347 415 3406 Mediaei
436 3365 533 3405 amaea.
573 3345 671 3405 Sariba
694 3344 812 3402 inuuere
837 3343 873 3402 el·
888 3343 972 3402 Prob.
987 3341 1077 3402 Ataia
1090 3347 1113 3399 8.
1128 3346 1152 3399 6.
1223 3326 1224 3356 ¹

224 3453 397 3523 “navesque
405 3464 495 3522 paene
509 3445 604 3504 taenea
614 3442 758 3503 relictas.''
1138 3429 1140 3433 ⁷
1224 3423 1225 3501 l

265 3584 346 3650 Ibid.
371 3589 392 3626 “
403 3605 529 3649 securos
546 3593 578 3648 et
591 3582 688 3647 nihil*
703 3581 954 3668 exspectantes.”

261 3713 280 3750 ⁹⁶
293 3711 370 3782 Fert.
392 3710 468 3771 attat
480 3710 553 3770 tale:
568 3710 605 3770 af.
621 3709 752 3786 exempla
768 3713 813 3767 19.
828 3711 858 3766 et
872 3711 915 3766 31.
1172 3729 1175 3736 ·
1224 3633 1225 3696 l
