2494 4454
257 414 292 466 m
467 377 469 383 ⁴
561 410 890 472 oasuavarrouas

295 588 383 652 -5.
400 588 430 650 1.
455 595 549 652 “una
571 590 714 676 quoque*
737 611 799 677 ope
821 591 997 672 sustentari,
1019 592 1106 678 quod
1131 615 1212 656 cre-

254 695 373 771 derent,
389 732 433 743 -
449 695 477 758 .”

229 841 232 846 ·
292 823 311 859 ⁴⁶
323 823 401 880 Fert.
422 841 478 880 aaa
499 841 602 898 euque:
620 822 688 881 vide
701 823 836 883 Emendd.
858 823 922 882 eto.
941 823 973 881 ii.
994 828 1042 882 28.
1084 826 1210 885 Deinde

252 925 327 978 recte
340 920 490 980 Palatinus
503 940 549 996 apa
563 939 614 996 pro
627 940 684 996 ope.

296 1115 338 1126 -
352 1116 395 1127 —
412 1081 441 1140 2.
466 1077 568 1157 “Qua
594 1100 673 1144 voce
699 1078 857 1165 perterriti
881 1078 1055 1159 Lusitani*,
1085 1105 1209 1168 quam-

253 1207 347 1268 quam
362 1183 506 1248 instructi
521 1183 755 1261 commeatibus,
773 1185 876 1248 statim
892 1207 925 1249 se
940 1185 1178 1252 tradiderunt.''

224 1407 226 1411 Ι
294 1333 312 1368 ⁴⁶
325 1331 457 1388 Fortasse
468 1329 582 1397 :-Qua
594 1347 654 1388 voce
668 1330 825 1404 portaret,
834 1330 932 1405 plures
950 1331 982 1388 ia
1001 1351 1089 1390 aanor
1102 1353 1206 1409 qaum-

253 1449 338 1503 qcom
351 1428 486 1486 instructi
504 1427 709 1495 commanebas,-
729 1429 776 1489 vel
796 1427 902 1486 lautius
915 1448 1088 1506 quamquam.
1130 1431 1206 1488 Nisi

253 1533 349 1586 tamen
362 1527 445 1584 malis
458 1526 580 1585 retinere
588 1527 730 1597 Lusitani,
740 1546 791 1602 pro
804 1527 938 1586 imberti
950 1533 1046 1587 autem
1059 1547 1205 1604 reponere

258 1626 474 1700 superlativum.
719 1619 722 1624 ’
960 1621 962 1627 ’
1068 1608 1070 1615 ’

297 1824 340 1834 -
361 1823 404 1835 —
425 1788 455 1852 3.
486 1786 623 1850 “Pluris
651 1794 752 1865 eam*,
774 1786 886 1873 inquit,
908 1775 1093 1874 propediem
1119 1811 1203 1851 ven-

256 1893 360 1954 dam.’'

294 2021 313 2056 ⁵⁵
327 2019 404 2076 Nota
423 2037 512 2094 pron,
529 2037 619 2093 quum
638 2036 742 2076 nomen
762 2017 930 2076 antecedens
951 2019 1033 2074 extra
1046 2019 1137 2076 verba
1152 2021 1201 2077 di-

256 2116 347 2174 centis
373 2118 411 2173 sit
432 2117 625 2191 repetendum.
678 2117 761 2175 Idem
786 2117 863 2192 apud
893 2115 1009 2174 Livium
1035 2116 1079 2187 fit,
1109 2119 1200 2177 xxiii.

260 2221 304 2272 19.
329 2219 373 2273 14.

298 2413 342 2431 -.
357 2377 388 2439 9.
403 2376 434 2439 4.
452 2375 558 2438 “dum
572 2375 780 2438 firmissimas*
795 2387 899 2460 partes
915 2375 1077 2460 copiarum
1093 2389 1198 2448 noctu

258 2481 421 2566 exponit.''

296 2611 314 2646 *⁶
329 2609 431 2675 Immo,
445 2607 553 2682 opinor,
573 2606 789 2664 infirmissimae.
832 2607 934 2682 Neque
954 2625 999 2665 res
1018 2606 1201 2666 firmissimas

257 2707 397 2780 poscebat.
440 2705 483 2764 cf.
498 2705 530 2762 ii.
547 2709 574 2764 3.
590 2708 617 2762 4.
649 2693 650 2696 “

300 2905 342 2914 -
357 2906 398 2916 --
415 2870 442 2930 ἵ.
468 2871 487 2902 “
501 2864 730 2951 Thrasybulus,
748 2915 755 2930 .
774 2915 806 2931 ..
828 2876 864 2927 ut
884 2875 1011 2951 portum
1031 2863 1201 2949 Sicyonio-

257 2996 327 3036 rum
343 2979 542 3060 occuparet*‚
559 2994 576 3035 a
591 2985 674 3035 terra
688 2968 821 3035 subinde
837 2969 1011 3057 oppidanos
1026 2973 1198 3035 tentavit.''

296 3120 314 3156 ⁹⁵
328 3119 407 3176 Fert.
433 3117 536 3176 lacuna
559 3120 602 3174 est
616 3121 696 3174 :-ut
711 3120 827 3190 portum
849 3113 881 3174 S.
905 3118 1049 3188 occuparet
1071 3133 1089 3170 a
1107 3112 1201 3190 [mari
1228 3123 1229 3194 t

257 3219 364 3276 frustra
377 3220 529 3286 tentatum,
546 3214 577 3294 a]
594 3220 714 3274 terro-.
1228 3199 1229 3240 ³

299 3416 341 3426 —
356 3420 398 3429 —
414 3378 443 3440 8.
463 3383 481 3413 “
492 3373 559 3438 aliis
572 3372 686 3438 deinde
701 3371 839 3437 turribus
855 3369 982 3434 adortus
999 3392 1016 3433 a
1030 3381 1121 3448 terra,
1140 3371 1198 3435 do·

256 3482 376 3546 mibus*
392 3492 643 3569 propugnatores
659 3476 850 3564 distringit.’'
1094 3493 1096 3498 '
1228 3511 1229 3578 p

297 3631 316 3669 ’ὃ
331 3629 428 3688 Scribe
439 3626 614 3687 :-twrrr'bor
628 3627 740 3685 adortae
753 3645 770 3683 a
785 3629 861 3682 terra
873 3620 1027 3682 martura.
