2494 4454
212 439 258 497 IN
277 437 472 496 FRONTINI
495 437 726 495 STRATEGG.
748 438 809 494 ΙΙΙ.
944 443 979 496 15
1025 457 1027 459 ·

87 603 161 666 -3,
180 602 209 664 l.
235 607 253 638 ‘⁶
266 600 396 664 salutem
414 648 420 660 .
438 651 443 662 .
462 650 469 664 .
485 599 642 686 pollicitus
654 611 710 664 est.
757 598 877 677 Quibus
893 625 982 686 prae-

36 710 132 773 miis*
150 752 187 764 -
202 711 229 774 .’'

82 837 102 874 ἢ
115 838 194 895 Fort.
209 836 365 911 promitur.
408 836 453 894 Cf.
468 837 531 892 Liv.
546 833 651 893 xxxiii.
667 838 713 896 47.
730 840 756 892 2.

84 1032 129 1042 —
144 1032 186 1044 -
200 995 230 1056 2.
254 998 274 1031 “
286 993 352 1056 vini
367 992 594 1080 epularumque
610 991 781 1078 copiam.*’'

81 1126 101 1162 ἢ
116 1127 184 1185 Cod.
208 1127 335 1184 Petrens.
356 1125 512 1184 custodium.
553 1125 630 1182 Fort.
654 1123 850 1182 incustoditam
865 1126 984 1198 coptum.

86 1262 169 1327 Ibid.
195 1268 214 1299 “
227 1233 395 1327 Insidiatu's
430 1262 527 1349 igitur
556 1260 705 1325 hilaritati
737 1273 778 1342 et,
809 1284 889 1347 quae
916 1286 983 1325 eam

37 1368 260 1453 sequebatur,*
280 1368 475 1433 socordiae.'’

82 1515 230 1574 *Mallem
243 1521 269 1574 al
281 1518 324 1588 iis,
347 1537 415 1593 quae
436 1536 493 1575 eam
514 1515 698 1592 sequebantur,
723 1515 825 1573 omisso
839 1517 983 1583 socordiae,

39 1625 77 1670 ut
91 1614 316 1691 circumscriptio
335 1616 389 1673 sit:
412 1615 479 1674 vide
493 1617 529 1674 ad
543 1616 600 1674 Cic.
616 1617 647 1673 de
660 1616 728 1673 lta.
740 1616 772 1674 ii.
788 1621 815 1674 8.
831 1621 888 1684 23.
909 1615 984 1673 Olus.

39 1713 72 1769 ἐκ
87 1713 165 1772 Cart.
177 1733 205 1788 p.
223 1718 269 1771 14.
473 1713 479 1720 ’

15 1911 19 1920 .
84 1893 128 1902 -
138 1893 181 1903 —-
196 1857 226 1920 3.
252 1862 270 1894 “
282 1855 354 1919 odio
370 1857 444 1919 suo*
460 1855 609 1919 adversus
625 1879 734 1942 regem
750 1855 962 1918 uterentur.*''

82 1981 101 2018 ἢ
114 2015 153 2024 -
166 1982 185 2020 ⁴⁶
200 1983 295 2040 Scribe
308 1983 368 2040 odio
390 1980 531 2061 [summo]
546 2002 593 2040 suo
608 1983 667 2042 odo.
681 2004 704 2040 r.
721 1981 770 2062 [ut
783 1980 856 2060 telo]
866 1987 985 2039 uterent-

42 2100 87 2136 ur.
129 2081 174 2138 De
188 2081 283 2138 teloin
296 2081 482 2140 translatione
502 2082 643 2140 Gebhard.
667 2083 702 2139 ad
717 2081 782 2140 Liv.
797 2081 858 2138 xxi.
873 2084 919 2138 44.
938 2087 982 2149 9.;
1054 2133 1056 2137 ,

40 2179 113 2236 adue
126 2179 168 2236 iii.
185 2185 229 2237 55.
245 2185 281 2250 3.,
299 2185 346 2238 69.
361 2186 397 2246 a,
412 2200 440 2239 v.
455 2185 502 2237 ao.
520 2185 557 2250 a,
573 2179 611 2238 vi.
630 2185 677 2239 35.
692 2186 727 2251 a,
743 2181 785 2238 ix.
802 2181 848 2239 37.
866 2187 892 2235 o.
959 2189 961 2192 ·

85 2372 129 2382 -
142 2353 185 2380 ¹—-
201 2334 229 2397 5.
256 2341 273 2370 “
284 2345 319 2397 ut
344 2334 517 2422 plaustrum
537 2383 543 2394 .
563 2385 569 2397 .
589 2333 644 2397 .in
670 2333 739 2418 ipso
763 2332 850 2396 aditu
875 2345 983 2418 portae

41 2441 202 2527 poneret*
215 2440 231 2466 ''
897 2458 900 2464 '

80 2568 99 2604 ⁴⁴²
112 2567 189 2625 Fort.
210 2568 360 2642 deponeret.

84 2745 127 2756 -
140 2745 183 2754 -
198 2709 228 2771 6.
254 2715 271 2744 “
284 2706 371 2791 quasi
385 2704 418 2768 id
434 2706 507 2792 per*
519 2704 660 2767 hostem*
676 2702 813 2766 interdiu
829 2725 891 2764 non
908 2702 980 2766 lice-

43 2813 121 2875 ret.”

81 2940 100 2977 ⁴*
112 2941 238 2997 Petrens.
255 2959 310 3014 pro
323 2939 403 2996 hoste.
443 2937 523 2995 Fort.
540 2936 703 3012 prohibente
717 2933 797 2994 horta

89 3120 125 3130 -
140 3080 171 3143 4.
188 3079 216 3141 l.
241 3085 259 3117 “
272 3079 428 3142 Reversus
440 3076 553 3141 deinde
569 3079 695 3141 renata*
711 3074 885 3162 protrivit.’'

81 3206 99 3242 ⁴⁶
112 3207 188 3264 Fort.
208 3225 221 3263 e
236 3209 413 3262 amoenata.
514 3221 516 3226 ’

85 3341 164 3406 Ibid.
191 3351 250 3404 “et
265 3341 304 3405 ad
318 3340 433 3404 famem
447 3340 580 3404 redactis
596 3341 713 3425 potitus
727 3339 802 3402 est*
812 3340 827 3363 ”

80 3491 98 3526 ⁴⁶
110 3490 253 3548 Lacunam
268 3508 326 3546 esse
340 3487 439 3565 opinor
449 3492 602 3562 :-potitua
615 3490 655 3544 ast
676 3485 773 3565 [annis
793 3487 903 3544 duobus
916 3489 980 3560 post

43 3589 161 3647 Fulvius
174 3585 324 3666 Flaccus];
345 3587 481 3645 nimirum
495 3588 530 3646 ab
544 3587 625 3644 oanis
648 3586 684 3643 ad
697 3587 862 3662 Antinoum,
877 3603 979 3642 nomen

41 3687 148 3746 initiale
163 3685 309 3762 sequentis
322 3685 456 3762 exempli,
471 3685 552 3744 oculo
566 3685 675 3742 librarii
690 3685 842 3742 aberrante.
