<?xml version="1.0" encoding="UTF-8"?>
<!DOCTYPE html PUBLIC "-//W3C//DTD XHTML 1.0 Transitional//EN"
    "http://www.w3.org/TR/xhtml1/DTD/xhtml1-transitional.dtd">
<html xmlns="http://www.w3.org/1999/xhtml" xml:lang="en" lang="en">
 <head>
  <title>
</title>
<meta http-equiv="Content-Type" content="text/html;charset=utf-8" />
  <meta name='ocr-system' content='tesseract 3.04.00' />
  <meta name='ocr-capabilities' content='ocr_page ocr_carea ocr_par ocr_line ocrx_word'/>
</head>
<body>
  <div class='ocr_page' id='page_1' title='image "./observationesin00allegoog_0014.png"; bbox 0 0 2494 4454; ppageno 0'>
   <div class='ocr_carea' id='block_1_1' title="bbox 153 348 833 454">
    <p class='ocr_par' dir='ltr' id='par_1_1' title="bbox 153 348 833 454">
     <span class='ocr_line' id='line_1_1' title="bbox 153 348 833 454; baseline 0.01 -7"><span class='ocrx_word' id='word_1_1' title='bbox 153 378 219 448; x_wconf 80' lang='lat' dir='ltr'><strong>&#39;s</strong></span> <span class='ocrx_word' id='word_1_2' title='bbox 375 376 377 379; x_wconf 81' lang='grc'><strong>’</strong></span> <span class='ocrx_word' id='word_1_3' title='bbox 506 348 833 454; x_wconf 73' lang='lat' dir='ltr'><strong>orsurusrrouss</strong></span> 
     </span>
    </p>
   </div>
   <div class='ocr_carea' id='block_1_2' title="bbox 245 549 1036 640">
    <p class='ocr_par' dir='ltr' id='par_1_2' title="bbox 245 549 1036 640">
     <span class='ocr_line' id='line_1_2' title="bbox 245 549 1036 640; baseline 0.008 -26"><span class='ocrx_word' id='word_1_4' title='bbox 245 583 286 600; x_wconf 90' lang='lat'><strong>-·</strong></span> <span class='ocrx_word' id='word_1_5' title='bbox 302 549 331 614; x_wconf 88' lang='grc'><strong>7.</strong></span> <span class='ocrx_word' id='word_1_6' title='bbox 348 551 378 614; x_wconf 78' lang='lat'><strong>7.-</strong></span> <span class='ocrx_word' id='word_1_7' title='bbox 403 551 568 634; x_wconf 87' lang='lat' dir='ltr'><strong>“quamsi</strong></span> <span class='ocrx_word' id='word_1_8' title='bbox 583 551 833 616; x_wconf 81' lang='lat' dir='ltr'><strong>communicare*</strong></span> <span class='ocrx_word' id='word_1_9' title='bbox 848 553 1036 640; x_wconf 84' lang='lat' dir='ltr'><strong>potuisset.&#39;’</strong></span> 
     </span>
    </p>
   </div>
   <div class='ocr_carea' id='block_1_3' title="bbox 241 673 834 758">
    <p class='ocr_par' dir='ltr' id='par_1_3' title="bbox 241 673 834 758">
     <span class='ocr_line' id='line_1_3' title="bbox 241 673 834 758; baseline 0.008 -25"><span class='ocrx_word' id='word_1_10' title='bbox 241 675 260 714; x_wconf 65' lang='lat'><strong>&#39;⁴</strong></span> <span class='ocrx_word' id='word_1_11' title='bbox 274 677 349 734; x_wconf 81' lang='lat' dir='ltr'><strong>Fort</strong></span> <span class='ocrx_word' id='word_1_12' title='bbox 364 675 392 734; x_wconf 65' lang='grc' dir='ltr'><strong>εἰ</strong></span> <span class='ocrx_word' id='word_1_13' title='bbox 405 673 487 756; x_wconf 90' lang='lat' dir='ltr'><strong>[oum</strong></span> <span class='ocrx_word' id='word_1_14' title='bbox 499 675 614 758; x_wconf 81' lang='lat' dir='ltr'><strong>pauois]</strong></span> <span class='ocrx_word' id='word_1_15' title='bbox 629 679 834 738; x_wconf 70' lang='lat' dir='ltr'><strong>communium.</strong></span> 
     </span>
    </p>
   </div>
   <div class='ocr_carea' id='block_1_4' title="bbox 243 816 1107 1006">
    <p class='ocr_par' dir='ltr' id='par_1_4' title="bbox 243 816 1107 1006">
     <span class='ocr_line' id='line_1_4' title="bbox 245 816 1107 904; baseline 0.003 -23"><span class='ocrx_word' id='word_1_16' title='bbox 245 856 285 866; x_wconf 85' lang='lat'><strong>-</strong></span> <span class='ocrx_word' id='word_1_17' title='bbox 302 817 330 881; x_wconf 92' lang='grc'><strong>8.</strong></span> <span class='ocrx_word' id='word_1_18' title='bbox 356 816 407 881; x_wconf 89' lang='grc'><strong>11.</strong></span> <span class='ocrx_word' id='word_1_19' title='bbox 433 823 552 904; x_wconf 81' lang='lat' dir='ltr'><strong>“capto</strong></span> <span class='ocrx_word' id='word_1_20' title='bbox 566 817 693 882; x_wconf 81' lang='lat' dir='ltr'><strong>castella</strong></span> <span class='ocrx_word' id='word_1_21' title='bbox 707 817 864 904; x_wconf 82' lang='lat' dir='ltr'><strong>praesidio</strong></span> <span class='ocrx_word' id='word_1_22' title='bbox 879 818 943 884; x_wconf 81' lang='lat' dir='ltr'><strong>ibi*</strong></span> <span class='ocrx_word' id='word_1_23' title='bbox 958 821 1107 885; x_wconf 83' lang='lat' dir='ltr'><strong>tenere.&#39;&#39;</strong></span> 
     </span>
     <span class='ocr_line' id='line_1_5' title="bbox 243 944 710 1006; baseline 0.004 -3"><span class='ocrx_word' id='word_1_24' title='bbox 243 948 262 986; x_wconf 70' lang='lat'><strong>⁴⁵</strong></span> <span class='ocrx_word' id='word_1_25' title='bbox 274 946 353 1004; x_wconf 86' lang='lat' dir='ltr'><strong>Fort.</strong></span> <span class='ocrx_word' id='word_1_26' title='bbox 372 944 514 1005; x_wconf 71' lang='lat' dir='ltr'><strong>ortium.-</strong></span> <span class='ocrx_word' id='word_1_27' title='bbox 529 945 565 1004; x_wconf 87' lang='lat' dir='ltr'><strong>of.</strong></span> <span class='ocrx_word' id='word_1_28' title='bbox 580 945 622 1004; x_wconf 90' lang='lat' dir='ltr'><strong>iii.</strong></span> <span class='ocrx_word' id='word_1_29' title='bbox 638 949 667 1006; x_wconf 89' lang='lat'><strong>6.</strong></span> <span class='ocrx_word' id='word_1_30' title='bbox 686 949 710 1005; x_wconf 94' lang='lat'><strong>1.</strong></span> 
     </span>
    </p>
   </div>
   <div class='ocr_carea' id='block_1_5' title="bbox 260 1082 936 1150">
    <p class='ocr_par' dir='ltr' id='par_1_5' title="bbox 260 1082 936 1150">
     <span class='ocr_line' id='line_1_6' title="bbox 260 1082 936 1150; baseline 0.007 -6"><span class='ocrx_word' id='word_1_31' title='bbox 260 1083 310 1149; x_wconf 88' lang='lat'><strong>11.</strong></span> <span class='ocrx_word' id='word_1_32' title='bbox 335 1082 364 1148; x_wconf 89' lang='lat'><strong>1.</strong></span> <span class='ocrx_word' id='word_1_33' title='bbox 389 1088 409 1120; x_wconf 89' lang='lat'><strong>“</strong></span> <span class='ocrx_word' id='word_1_34' title='bbox 419 1083 455 1148; x_wconf 82' lang='lat' dir='ltr'><strong>se&#39;</strong></span> <span class='ocrx_word' id='word_1_35' title='bbox 468 1105 510 1148; x_wconf 85' lang='lat' dir='ltr'><strong>ex</strong></span> <span class='ocrx_word' id='word_1_36' title='bbox 525 1105 562 1147; x_wconf 85' lang='lat' dir='ltr'><strong>eo</strong></span> <span class='ocrx_word' id='word_1_37' title='bbox 576 1083 733 1148; x_wconf 78' lang='lat' dir='ltr'><strong>victores*</strong></span> <span class='ocrx_word' id='word_1_38' title='bbox 748 1083 936 1150; x_wconf 87' lang='lat' dir='ltr'><strong>redituros.’&#39;</strong></span> 
     </span>
    </p>
   </div>
   <div class='ocr_carea' id='block_1_6' title="bbox 120 1208 1161 1486">
    <p class='ocr_par' dir='ltr' id='par_1_6' title="bbox 120 1208 1161 1486">
     <span class='ocr_line' id='line_1_7' title="bbox 241 1208 1161 1292; baseline 0.004 -24"><span class='ocrx_word' id='word_1_39' title='bbox 241 1208 410 1288; x_wconf 68' lang='lat' dir='ltr'><strong>*Suspicor</strong></span> <span class='ocrx_word' id='word_1_40' title='bbox 437 1213 505 1292; x_wconf 75' lang='lat' dir='ltr'><strong>oute</strong></span> <span class='ocrx_word' id='word_1_41' title='bbox 522 1210 637 1270; x_wconf 78' lang='lat' dir='ltr'><strong>ot&#39;otoroo</strong></span> <span class='ocrx_word' id='word_1_42' title='bbox 657 1211 796 1272; x_wconf 81' lang='lat' dir='ltr'>excidisse</span> <span class='ocrx_word' id='word_1_43' title='bbox 816 1212 883 1284; x_wconf 77' lang='lat' dir='ltr'><strong>uisi,</strong></span> <span class='ocrx_word' id='word_1_44' title='bbox 905 1213 975 1273; x_wconf 86' lang='lat' dir='ltr'><strong>nim.</strong></span> <span class='ocrx_word' id='word_1_45' title='bbox 995 1214 1076 1290; x_wconf 82' lang='lat' dir='ltr'><strong>qussi</strong></span> <span class='ocrx_word' id='word_1_46' title='bbox 1097 1233 1161 1291; x_wconf 87' lang='lat' dir='ltr'><strong>pro</strong></span> 
     </span>
     <span class='ocr_line' id='line_1_8' title="bbox 120 1303 1158 1382; baseline 0.002 -14"><span class='ocrx_word' id='word_1_47' title='bbox 120 1319 123 1326; x_wconf 89' lang='grc'><strong>“</strong></span> <span class='ocrx_word' id='word_1_48' title='bbox 203 1309 335 1368; x_wconf 76' lang='lat' dir='ltr'><strong>nonnisi:</strong></span> <span class='ocrx_word' id='word_1_49' title='bbox 359 1309 418 1368; x_wconf 87' lang='lat' dir='ltr'><strong>vid.</strong></span> <span class='ocrx_word' id='word_1_50' title='bbox 438 1303 441 1314; x_wconf 75' lang='grc'>’</span> <span class='ocrx_word' id='word_1_51' title='bbox 458 1309 591 1368; x_wconf 80' lang='lat' dir='ltr'><strong>Tennuil.</strong></span> <span class='ocrx_word' id='word_1_52' title='bbox 612 1311 648 1368; x_wconf 83' lang='lat' dir='ltr'><strong>sd</strong></span> <span class='ocrx_word' id='word_1_53' title='bbox 669 1310 711 1370; x_wconf 87' lang='lat' dir='ltr'><strong>iii.</strong></span> <span class='ocrx_word' id='word_1_54' title='bbox 730 1314 775 1370; x_wconf 81' lang='lat'><strong>18.</strong></span> <span class='ocrx_word' id='word_1_55' title='bbox 790 1317 840 1382; x_wconf 84' lang='lat'><strong>3.;</strong></span> <span class='ocrx_word' id='word_1_56' title='bbox 863 1312 935 1370; x_wconf 84' lang='lat' dir='ltr'><strong>addo</strong></span> <span class='ocrx_word' id='word_1_57' title='bbox 948 1330 999 1371; x_wconf 89' lang='lat' dir='ltr'><strong>nos</strong></span> <span class='ocrx_word' id='word_1_58' title='bbox 1012 1312 1158 1372; x_wconf 77' lang='lat' dir='ltr'><strong>Emondd.</strong></span> 
     </span>
     <span class='ocr_line' id='line_1_9' title="bbox 202 1408 957 1486; baseline 0 -18"><span class='ocrx_word' id='word_1_59' title='bbox 202 1409 267 1468; x_wconf 84' lang='lat' dir='ltr'><strong>Lio.</strong></span> <span class='ocrx_word' id='word_1_60' title='bbox 278 1409 300 1469; x_wconf 93' lang='lat' dir='ltr'><strong>i.-</strong></span> <span class='ocrx_word' id='word_1_61' title='bbox 312 1412 370 1479; x_wconf 68' lang='lat'><strong>42„</strong></span> <span class='ocrx_word' id='word_1_62' title='bbox 385 1409 417 1467; x_wconf 91' lang='lat' dir='ltr'><strong>ii.</strong></span> <span class='ocrx_word' id='word_1_63' title='bbox 433 1410 491 1480; x_wconf 69' lang='lat'><strong>34„</strong></span> <span class='ocrx_word' id='word_1_64' title='bbox 513 1408 587 1467; x_wconf 75' lang='lat' dir='ltr'><strong>Obes-</strong></span> <span class='ocrx_word' id='word_1_65' title='bbox 600 1409 632 1467; x_wconf 76' lang='lat' dir='ltr'><strong>iu</strong></span> <span class='ocrx_word' id='word_1_66' title='bbox 651 1409 726 1468; x_wconf 59' lang='grc' dir='ltr'><strong>ΟΜ.</strong></span> <span class='ocrx_word' id='word_1_67' title='bbox 740 1429 787 1486; x_wconf 87' lang='lat' dir='ltr'><strong>pp.</strong></span> <span class='ocrx_word' id='word_1_68' title='bbox 805 1415 850 1468; x_wconf 83' lang='lat'><strong>13.</strong></span> <span class='ocrx_word' id='word_1_69' title='bbox 866 1413 895 1470; x_wconf 86' lang='lat' dir='ltr'><strong>et</strong></span> <span class='ocrx_word' id='word_1_70' title='bbox 911 1414 957 1470; x_wconf 77' lang='lat'><strong>31.</strong></span> 
     </span>
    </p>
   </div>
   <div class='ocr_carea' id='block_1_7' title="bbox 204 1547 1154 1722">
    <p class='ocr_par' dir='ltr' id='par_1_7' title="bbox 204 1547 1154 1722">
     <span class='ocr_line' id='line_1_10' title="bbox 246 1547 1154 1638; baseline 0 -23"><span class='ocrx_word' id='word_1_71' title='bbox 246 1588 290 1598; x_wconf 95' lang='lat'>-</span> <span class='ocrx_word' id='word_1_72' title='bbox 303 1589 346 1599; x_wconf 98' lang='lat'>—</span> <span class='ocrx_word' id='word_1_73' title='bbox 358 1551 391 1615; x_wconf 80' lang='lat'><strong>2.</strong></span> <span class='ocrx_word' id='word_1_74' title='bbox 419 1558 437 1589; x_wconf 88' lang='lat'><strong>“</strong></span> <span class='ocrx_word' id='word_1_75' title='bbox 449 1549 537 1628; x_wconf 77' lang='lat' dir='ltr'><strong>Quae</strong></span> <span class='ocrx_word' id='word_1_76' title='bbox 560 1549 635 1614; x_wconf 80' lang='lat' dir='ltr'><strong>sua*</strong></span> <span class='ocrx_word' id='word_1_77' title='bbox 657 1551 817 1638; x_wconf 82' lang='lat' dir='ltr'><strong>persuasio</strong></span> <span class='ocrx_word' id='word_1_78' title='bbox 836 1547 986 1616; x_wconf 85' lang='lat' dir='ltr'><strong>Romanis</strong></span> <span class='ocrx_word' id='word_1_79' title='bbox 1008 1551 1154 1617; x_wconf 81' lang='lat' dir='ltr'><strong>alacrita-</strong></span> 
     </span>
     <span class='ocr_line' id='line_1_11' title="bbox 204 1655 424 1722; baseline 0 -2"><span class='ocrx_word' id='word_1_80' title='bbox 204 1669 268 1722; x_wconf 84' lang='lat' dir='ltr'><strong>tem</strong></span> <span class='ocrx_word' id='word_1_81' title='bbox 285 1655 424 1720; x_wconf 84' lang='lat' dir='ltr'><strong>adtulit.&#39;&#39;</strong></span> 
     </span>
    </p>
   </div>
   <div class='ocr_carea' id='block_1_8' title="bbox 245 1784 488 1844">
    <p class='ocr_par' dir='ltr' id='par_1_8' title="bbox 245 1784 488 1844">
     <span class='ocr_line' id='line_1_12' title="bbox 245 1784 488 1844; baseline 0.004 -3"><span class='ocrx_word' id='word_1_82' title='bbox 245 1784 264 1822; x_wconf 69' lang='lat'><strong>&#39;⁶</strong></span> <span class='ocrx_word' id='word_1_83' title='bbox 278 1784 353 1842; x_wconf 80' lang='lat' dir='ltr'><strong>Fort</strong></span> <span class='ocrx_word' id='word_1_84' title='bbox 374 1803 488 1844; x_wconf 83' lang='lat' dir='ltr'><strong>summo.</strong></span> 
     </span>
    </p>
   </div>
   <div class='ocr_carea' id='block_1_9' title="bbox 206 1921 1149 2114">
    <p class='ocr_par' dir='ltr' id='par_1_9' title="bbox 206 1921 1149 2114">
     <span class='ocr_line' id='line_1_13' title="bbox 247 1921 1149 2002; baseline -0.001 -16"><span class='ocrx_word' id='word_1_85' title='bbox 247 1958 290 1971; x_wconf 93' lang='lat'><em>-</em></span> <span class='ocrx_word' id='word_1_86' title='bbox 304 1959 346 1970; x_wconf 97' lang='lat'><em>-</em></span> <span class='ocrx_word' id='word_1_87' title='bbox 362 1924 391 1986; x_wconf 89' lang='lat'><strong>9.</strong></span> <span class='ocrx_word' id='word_1_88' title='bbox 417 1927 554 1986; x_wconf 83' lang='lat' dir='ltr'><strong>“arma*</strong></span> <span class='ocrx_word' id='word_1_89' title='bbox 579 1921 746 1986; x_wconf 79' lang='lat' dir='ltr'><strong>incastris</strong></span> <span class='ocrx_word' id='word_1_90' title='bbox 772 1922 891 2002; x_wconf 76' lang='lat' dir='ltr'><strong>statuit,</strong></span> <span class='ocrx_word' id='word_1_91' title='bbox 919 1934 951 1986; x_wconf 86' lang='lat' dir='ltr'><strong>et</strong></span> <span class='ocrx_word' id='word_1_92' title='bbox 976 1922 1059 1986; x_wconf 85' lang='lat' dir='ltr'><strong>oiroa</strong></span> <span class='ocrx_word' id='word_1_93' title='bbox 1079 1926 1149 1985; x_wconf 41' lang='lat' dir='ltr'><strong>rea*</strong></span> 
     </span>
     <span class='ocr_line' id='line_1_14' title="bbox 206 2026 835 2114; baseline 0.002 -24"><span class='ocrx_word' id='word_1_94' title='bbox 206 2026 280 2091; x_wconf 82' lang='lat' dir='ltr'><strong>duci</strong></span> <span class='ocrx_word' id='word_1_95' title='bbox 294 2027 412 2113; x_wconf 81' lang='lat' dir='ltr'><strong>equos*</strong></span> <span class='ocrx_word' id='word_1_96' title='bbox 427 2038 526 2092; x_wconf 89' lang='lat' dir='ltr'><strong>noctu</strong></span> <span class='ocrx_word' id='word_1_97' title='bbox 541 2027 623 2092; x_wconf 84' lang='lat' dir='ltr'><strong>olam</strong></span> <span class='ocrx_word' id='word_1_98' title='bbox 637 2027 835 2114; x_wconf 84' lang='lat' dir='ltr'><strong>imperavit.’&#39;</strong></span> 
     </span>
    </p>
   </div>
   <div class='ocr_carea' id='block_1_10' title="bbox 206 2153 1146 2331">
    <p class='ocr_par' dir='ltr' id='par_1_10' title="bbox 206 2153 1146 2331">
     <span class='ocr_line' id='line_1_15' title="bbox 245 2153 1146 2214; baseline -0.003 1"><span class='ocrx_word' id='word_1_99' title='bbox 245 2153 264 2192; x_wconf 66' lang='lat'><strong>⁴*</strong></span> <span class='ocrx_word' id='word_1_100' title='bbox 276 2188 315 2198; x_wconf 90' lang='lat'>—</span> <span class='ocrx_word' id='word_1_101' title='bbox 329 2153 348 2192; x_wconf 67' lang='lat'><strong>⁴⁶</strong></span> <span class='ocrx_word' id='word_1_102' title='bbox 357 2189 396 2198; x_wconf 94' lang='lat'><em>-</em></span> <span class='ocrx_word' id='word_1_103' title='bbox 409 2155 428 2192; x_wconf 66' lang='lat'><strong>³⁶</strong></span> <span class='ocrx_word' id='word_1_104' title='bbox 442 2154 539 2214; x_wconf 78' lang='lat' dir='ltr'><strong>Scribo</strong></span> <span class='ocrx_word' id='word_1_105' title='bbox 553 2173 633 2214; x_wconf 68' lang='lat' dir='ltr'><strong>arom</strong></span> <span class='ocrx_word' id='word_1_106' title='bbox 646 2154 735 2214; x_wconf 76' lang='lat' dir='ltr'><strong>armis</strong></span> <span class='ocrx_word' id='word_1_107' title='bbox 748 2157 875 2212; x_wconf 77' lang='lat' dir='ltr'><strong>ornatam</strong></span> <span class='ocrx_word' id='word_1_108' title='bbox 892 2198 897 2210; x_wconf 93' lang='lat'>.</span> <span class='ocrx_word' id='word_1_109' title='bbox 915 2199 920 2210; x_wconf 92' lang='lat'>.</span> <span class='ocrx_word' id='word_1_110' title='bbox 937 2198 943 2212; x_wconf 89' lang='lat'><strong>.</strong></span> <span class='ocrx_word' id='word_1_111' title='bbox 958 2158 985 2212; x_wconf 80' lang='lat' dir='ltr'><strong>ot</strong></span> <span class='ocrx_word' id='word_1_112' title='bbox 998 2155 1073 2214; x_wconf 74' lang='lat' dir='ltr'><strong>tirou</strong></span> <span class='ocrx_word' id='word_1_113' title='bbox 1086 2174 1146 2212; x_wconf 83' lang='lat' dir='ltr'><strong>eom</strong></span> 
     </span>
     <span class='ocr_line' id='line_1_16' title="bbox 206 2252 883 2331; baseline -0.003 -19"><span class='ocrx_word' id='word_1_114' title='bbox 206 2255 270 2312; x_wconf 73' lang='lat' dir='ltr'><strong>duci</strong></span> <span class='ocrx_word' id='word_1_115' title='bbox 281 2273 360 2331; x_wconf 80' lang='lat' dir='ltr'><strong>equos</strong></span> <span class='ocrx_word' id='word_1_116' title='bbox 372 2257 441 2313; x_wconf 84' lang='lat' dir='ltr'><strong>duos</strong></span> <span class='ocrx_word' id='word_1_117' title='bbox 454 2273 492 2312; x_wconf 82' lang='lat' dir='ltr'><strong>ex</strong></span> <span class='ocrx_word' id='word_1_118' title='bbox 504 2253 648 2330; x_wconf 83' lang='lat' dir='ltr'><strong>Polyaeno</strong></span> <span class='ocrx_word' id='word_1_119' title='bbox 662 2253 739 2330; x_wconf 86' lang='lat' dir='ltr'><strong>apud</strong></span> <span class='ocrx_word' id='word_1_120' title='bbox 752 2252 883 2312; x_wconf 85' lang='lat' dir='ltr'><strong>Oudend.</strong></span> 
     </span>
    </p>
   </div>
   <div class='ocr_carea' id='block_1_11' title="bbox 246 2391 892 2580">
    <p class='ocr_par' dir='ltr' id='par_1_11' title="bbox 246 2391 892 2580">
     <span class='ocr_line' id='line_1_17' title="bbox 249 2391 892 2479; baseline 0.002 -24"><span class='ocrx_word' id='word_1_121' title='bbox 249 2430 292 2442; x_wconf 96' lang='lat'><em>-</em></span> <span class='ocrx_word' id='word_1_122' title='bbox 307 2431 350 2442; x_wconf 88' lang='lat'>-</span> <span class='ocrx_word' id='word_1_123' title='bbox 366 2392 417 2458; x_wconf 92' lang='grc'><strong>11.</strong></span> <span class='ocrx_word' id='word_1_124' title='bbox 443 2392 599 2479; x_wconf 84' lang='lat' dir='ltr'><strong>“signum</strong></span> <span class='ocrx_word' id='word_1_125' title='bbox 624 2441 630 2454; x_wconf 94' lang='lat'>.</span> <span class='ocrx_word' id='word_1_126' title='bbox 656 2443 663 2458; x_wconf 96' lang='lat'><strong>.</strong></span> <span class='ocrx_word' id='word_1_127' title='bbox 689 2444 695 2458; x_wconf 95' lang='lat'><strong>.</strong></span> <span class='ocrx_word' id='word_1_128' title='bbox 720 2391 892 2457; x_wconf 81' lang='lat' dir='ltr'><strong>orabat.*’&#39;</strong></span> 
     </span>
     <span class='ocr_line' id='line_1_18' title="bbox 246 2521 516 2580; baseline 0.007 -2"><span class='ocrx_word' id='word_1_129' title='bbox 246 2521 265 2558; x_wconf 46' lang='grc' dir='ltr'><strong>’ὃ</strong></span> <span class='ocrx_word' id='word_1_130' title='bbox 278 2521 361 2580; x_wconf 66' lang='lat' dir='ltr'><strong>Fort&#39;</strong></span> <span class='ocrx_word' id='word_1_131' title='bbox 376 2521 516 2580; x_wconf 79' lang='lat' dir='ltr'><strong>odorabat.</strong></span> 
     </span>
    </p>
   </div>
   <div class='ocr_carea' id='block_1_12' title="bbox 134 2655 1061 2745">
    <p class='ocr_par' dir='ltr' id='par_1_12' title="bbox 134 2655 1061 2745">
     <span class='ocr_line' id='line_1_19' title="bbox 134 2655 1061 2745; baseline -0.011 -17"><span class='ocrx_word' id='word_1_132' title='bbox 134 2721 137 2728; x_wconf 94' lang='lat'><em>.</em></span> <span class='ocrx_word' id='word_1_133' title='bbox 250 2660 359 2734; x_wconf 52' lang='lat'><strong>÷12.</strong></span> <span class='ocrx_word' id='word_1_134' title='bbox 387 2661 416 2725; x_wconf 91' lang='lat' dir='ltr'><strong>l.</strong></span> <span class='ocrx_word' id='word_1_135' title='bbox 440 2664 459 2696; x_wconf 91' lang='lat'><strong>“</strong></span> <span class='ocrx_word' id='word_1_136' title='bbox 474 2657 581 2745; x_wconf 81' lang='lat' dir='ltr'><strong>Scipio</strong></span> <span class='ocrx_word' id='word_1_137' title='bbox 598 2679 638 2723; x_wconf 86' lang='lat' dir='ltr'><strong>ex</strong></span> <span class='ocrx_word' id='word_1_138' title='bbox 654 2655 765 2722; x_wconf 76' lang='lat' dir='ltr'><strong>Italia*</strong></span> <span class='ocrx_word' id='word_1_139' title='bbox 781 2655 816 2720; x_wconf 89' lang='lat' dir='ltr'><strong>in</strong></span> <span class='ocrx_word' id='word_1_140' title='bbox 830 2655 974 2720; x_wconf 85' lang='lat' dir='ltr'><strong>Africam</strong></span> <span class='ocrx_word' id='word_1_141' title='bbox 991 2655 1061 2718; x_wconf 85' lang='grc'><strong>-.”</strong></span> 
     </span>
    </p>
   </div>
   <div class='ocr_carea' id='block_1_13' title="bbox 246 2784 540 2846">
    <p class='ocr_par' dir='ltr' id='par_1_13' title="bbox 246 2784 540 2846">
     <span class='ocr_line' id='line_1_20' title="bbox 246 2784 540 2846; baseline -0.014 0"><span class='ocrx_word' id='word_1_142' title='bbox 246 2787 265 2825; x_wconf 68' lang='lat'><strong>⁹*</strong></span> <span class='ocrx_word' id='word_1_143' title='bbox 276 2787 369 2846; x_wconf 91' lang='lat' dir='ltr'><strong>Immo</strong></span> <span class='ocrx_word' id='word_1_144' title='bbox 383 2805 420 2845; x_wconf 87' lang='lat' dir='ltr'><strong>ex</strong></span> <span class='ocrx_word' id='word_1_145' title='bbox 432 2784 540 2844; x_wconf 81' lang='lat' dir='ltr'><strong>Sicilia.</strong></span> 
     </span>
    </p>
   </div>
   <div class='ocr_carea' id='block_1_14' title="bbox 207 2907 1144 3341">
    <p class='ocr_par' dir='ltr' id='par_1_14' title="bbox 207 2907 1144 3225">
     <span class='ocr_line' id='line_1_21' title="bbox 250 2907 1136 3011; baseline -0.007 -23"><span class='ocrx_word' id='word_1_146' title='bbox 250 2924 333 2990; x_wconf 85' lang='lat' dir='ltr'><strong>Ibid.</strong></span> <span class='ocrx_word' id='word_1_147' title='bbox 359 2930 377 2964; x_wconf 89' lang='lat'><strong>“</strong></span> <span class='ocrx_word' id='word_1_148' title='bbox 390 2907 488 3011; x_wconf 66' lang='lat' dir='ltr'><strong>quum</strong></span> <span class='ocrx_word' id='word_1_149' title='bbox 505 2970 512 2984; x_wconf 91' lang='lat'><strong>.</strong></span> <span class='ocrx_word' id='word_1_150' title='bbox 529 2974 537 2989; x_wconf 91' lang='lat'><strong>.</strong></span> <span class='ocrx_word' id='word_1_151' title='bbox 555 2974 562 2989; x_wconf 91' lang='lat'><strong>.</strong></span> <span class='ocrx_word' id='word_1_152' title='bbox 578 2922 743 3010; x_wconf 81' lang='lat' dir='ltr'><strong>prolapsus</strong></span> <span class='ocrx_word' id='word_1_153' title='bbox 758 2932 849 3000; x_wconf 86' lang='lat' dir='ltr'><strong>esset,</strong></span> <span class='ocrx_word' id='word_1_154' title='bbox 869 2969 875 2982; x_wconf 92' lang='lat'><strong>.</strong></span> <span class='ocrx_word' id='word_1_155' title='bbox 894 2973 900 2986; x_wconf 95' lang='lat'>.</span> <span class='ocrx_word' id='word_1_156' title='bbox 920 2971 926 2985; x_wconf 95' lang='lat'><strong>.</strong></span> <span class='ocrx_word' id='word_1_157' title='bbox 943 2921 977 2984; x_wconf 91' lang='lat' dir='ltr'><strong>in</strong></span> <span class='ocrx_word' id='word_1_158' title='bbox 991 2919 1136 2984; x_wconf 83' lang='lat' dir='ltr'><strong>hortotio-</strong></span> 
     </span>
     <span class='ocr_line' id='line_1_22' title="bbox 207 3025 1144 3116; baseline -0.007 -22"><span class='ocrx_word' id='word_1_159' title='bbox 207 3053 280 3096; x_wconf 88' lang='lat' dir='ltr'><strong>nem</strong></span> <span class='ocrx_word' id='word_1_160' title='bbox 303 3029 476 3096; x_wconf 82' lang='lat' dir='ltr'><strong>convertit:</strong></span> <span class='ocrx_word' id='word_1_161' title='bbox 504 3028 690 3107; x_wconf 74' lang='lat' dir='ltr'><strong>Esludite‚*</strong></span> <span class='ocrx_word' id='word_1_162' title='bbox 712 3029 826 3116; x_wconf 87' lang='lat' dir='ltr'><strong>inquit,</strong></span> <span class='ocrx_word' id='word_1_163' title='bbox 850 3027 983 3105; x_wconf 86' lang='lat' dir='ltr'><strong>milites;</strong></span> <span class='ocrx_word' id='word_1_164' title='bbox 1006 3025 1144 3091; x_wconf 78' lang='lat' dir='ltr'><strong>Africam</strong></span> 
     </span>
     <span class='ocr_line' id='line_1_23' title="bbox 209 3136 381 3225; baseline 0 -25"><span class='ocrx_word' id='word_1_165' title='bbox 209 3136 381 3225; x_wconf 84' lang='lat' dir='ltr'><strong>obpressi.&#39;&#39;</strong></span> 
     </span>
    </p>

    <p class='ocr_par' dir='ltr' id='par_1_15' title="bbox 247 3262 1036 3341">
     <span class='ocr_line' id='line_1_24' title="bbox 247 3262 1036 3341; baseline -0.006 -16"><span class='ocrx_word' id='word_1_166' title='bbox 247 3267 266 3306; x_wconf 49' lang='grc' dir='ltr'><em>ὕ</em></span> <span class='ocrx_word' id='word_1_167' title='bbox 280 3266 358 3325; x_wconf 85' lang='lat' dir='ltr'><strong>Fort.</strong></span> <span class='ocrx_word' id='word_1_168' title='bbox 379 3266 518 3337; x_wconf 71' lang='lat' dir='ltr'><strong>convertit,</strong></span> <span class='ocrx_word' id='word_1_169' title='bbox 530 3269 556 3324; x_wconf 82' lang='lat' dir='ltr'><strong>ot</strong></span> <span class='ocrx_word' id='word_1_170' title='bbox 568 3263 675 3337; x_wconf 71' lang='lat' dir='ltr'><strong>ludens,</strong></span> <span class='ocrx_word' id='word_1_171' title='bbox 692 3263 793 3338; x_wconf 70' lang='lat' dir='ltr'><strong>sidua,</strong></span> <span class='ocrx_word' id='word_1_172' title='bbox 809 3262 911 3341; x_wconf 72' lang='lat' dir='ltr'><strong>inquit,</strong></span> <span class='ocrx_word' id='word_1_173' title='bbox 927 3262 1036 3320; x_wconf 73' lang='lat' dir='ltr'><strong>milites.</strong></span> 
     </span>
    </p>
   </div>
   <div class='ocr_carea' id='block_1_15' title="bbox 250 3401 944 3490">
    <p class='ocr_par' dir='ltr' id='par_1_16' title="bbox 250 3401 944 3490">
     <span class='ocr_line' id='line_1_25' title="bbox 250 3401 944 3490; baseline -0.003 -22"><span class='ocrx_word' id='word_1_174' title='bbox 250 3405 283 3469; x_wconf 91' lang='lat' dir='ltr'><strong>ii.</strong></span> <span class='ocrx_word' id='word_1_175' title='bbox 307 3407 335 3468; x_wconf 89' lang='lat'><strong>1.</strong></span> <span class='ocrx_word' id='word_1_176' title='bbox 353 3405 382 3469; x_wconf 80' lang='lat'><strong>5.</strong></span> <span class='ocrx_word' id='word_1_177' title='bbox 406 3405 535 3468; x_wconf 89' lang='lat' dir='ltr'><strong>“hostis</strong></span> <span class='ocrx_word' id='word_1_178' title='bbox 553 3403 737 3490; x_wconf 82' lang='lat' dir='ltr'><strong>adgressus*</strong></span> <span class='ocrx_word' id='word_1_179' title='bbox 753 3415 801 3468; x_wconf 86' lang='lat' dir='ltr'><strong>est</strong></span> <span class='ocrx_word' id='word_1_180' title='bbox 816 3401 944 3467; x_wconf 82' lang='lat' dir='ltr'><strong>costra.”</strong></span> 
     </span>
    </p>
   </div>
   <div class='ocr_carea' id='block_1_16' title="bbox 252 3487 1231 3608">
    <p class='ocr_par' dir='ltr' id='par_1_17' title="bbox 252 3487 1231 3608">
     <span class='ocr_line' id='line_1_26' title="bbox 252 3487 1231 3608; baseline -0.012 -16"><span class='ocrx_word' id='word_1_181' title='bbox 252 3532 271 3570; x_wconf 71' lang='lat'><strong>⁴⁶</strong></span> <span class='ocrx_word' id='word_1_182' title='bbox 291 3531 359 3591; x_wconf 89' lang='lat' dir='ltr'><strong>Non</strong></span> <span class='ocrx_word' id='word_1_183' title='bbox 382 3532 531 3608; x_wconf 82' lang='lat' dir='ltr'><strong>adgressus</strong></span> <span class='ocrx_word' id='word_1_184' title='bbox 553 3531 636 3589; x_wconf 90' lang='lat' dir='ltr'><strong>modo</strong></span> <span class='ocrx_word' id='word_1_185' title='bbox 659 3533 711 3602; x_wconf 90' lang='lat' dir='ltr'><strong>est,</strong></span> <span class='ocrx_word' id='word_1_186' title='bbox 737 3529 845 3606; x_wconf 85' lang='lat' dir='ltr'><strong>opinor,</strong></span> <span class='ocrx_word' id='word_1_187' title='bbox 871 3528 920 3587; x_wconf 86' lang='lat' dir='ltr'><strong>sed</strong></span> <span class='ocrx_word' id='word_1_188' title='bbox 946 3525 1033 3587; x_wconf 87' lang='lat' dir='ltr'><strong>etism</strong></span> <span class='ocrx_word' id='word_1_189' title='bbox 1058 3524 1139 3601; x_wconf 87' lang='lat' dir='ltr'><strong>oepit:</strong></span> <span class='ocrx_word' id='word_1_190' title='bbox 1230 3487 1231 3568; x_wconf 53' lang='lat' dir='ltr'><strong>i</strong></span> 
     </span>
    </p>
   </div>
   <div class='ocr_carea' id='block_1_17' title="bbox 208 3621 1231 3790">
    <p class='ocr_par' dir='ltr' id='par_1_18' title="bbox 208 3621 1231 3790">
     <span class='ocr_line' id='line_1_27' title="bbox 208 3621 1231 3730; baseline -0.007 -40"><span class='ocrx_word' id='word_1_191' title='bbox 208 3631 278 3690; x_wconf 89' lang='lat' dir='ltr'><strong>nim.</strong></span> <span class='ocrx_word' id='word_1_192' title='bbox 302 3621 394 3691; x_wconf 80' lang='lat' dir='ltr'><strong>anteo.</strong></span> <span class='ocrx_word' id='word_1_193' title='bbox 416 3649 462 3691; x_wconf 85' lang='lat' dir='ltr'><strong>ros</strong></span> <span class='ocrx_word' id='word_1_194' title='bbox 484 3649 536 3708; x_wconf 91' lang='lat' dir='ltr'><strong>pro</strong></span> <span class='ocrx_word' id='word_1_195' title='bbox 557 3648 686 3707; x_wconf 84' lang='lat' dir='ltr'><strong>oousoq.;</strong></span> <span class='ocrx_word' id='word_1_196' title='bbox 711 3628 778 3690; x_wconf 83' lang='lat' dir='ltr'><strong>vide</strong></span> <span class='ocrx_word' id='word_1_197' title='bbox 797 3629 834 3688; x_wconf 83' lang='lat' dir='ltr'><strong>ad</strong></span> <span class='ocrx_word' id='word_1_198' title='bbox 851 3628 871 3686; x_wconf 91' lang='lat' dir='ltr'><strong>i.</strong></span> <span class='ocrx_word' id='word_1_199' title='bbox 887 3632 914 3685; x_wconf 82' lang='lat'><strong>4.</strong></span> <span class='ocrx_word' id='word_1_200' title='bbox 931 3631 978 3686; x_wconf 85' lang='lat'><strong>5.:</strong></span> <span class='ocrx_word' id='word_1_201' title='bbox 1003 3626 1043 3686; x_wconf 88' lang='lat' dir='ltr'><strong>sio</strong></span> <span class='ocrx_word' id='word_1_202' title='bbox 1066 3625 1141 3686; x_wconf 82' lang='lat' dir='ltr'><strong>etiam</strong></span> <span class='ocrx_word' id='word_1_203' title='bbox 1230 3667 1231 3730; x_wconf 40' lang='lat'><em>5</em></span> 
     </span>
     <span class='ocr_line' id='line_1_28' title="bbox 208 3729 335 3790; baseline 0.016 -2"><span class='ocrx_word' id='word_1_204' title='bbox 208 3729 250 3790; x_wconf 89' lang='lat' dir='ltr'><strong>iii.</strong></span> <span class='ocrx_word' id='word_1_205' title='bbox 267 3735 292 3788; x_wconf 85' lang='grc'><strong>1.</strong></span> <span class='ocrx_word' id='word_1_206' title='bbox 311 3733 335 3790; x_wconf 88' lang='lat' dir='ltr'><strong>l.</strong></span> 
     </span>
    </p>
   </div>
   <div class='ocr_carea' id='block_1_18' title="bbox 0 0 1260 4454">
    <p class='ocr_par' dir='ltr' id='par_1_19' title="bbox 0 0 1260 4454">
     <span class='ocr_line' id='line_1_29' title="bbox 0 0 1260 4454; baseline 0 0"><span class='ocrx_word' id='word_1_207' title='bbox 0 0 1260 4454; x_wconf 95' lang='lat' dir='ltr'><strong> </strong></span> 
     </span>
    </p>
   </div>
  </div>
 </body>
</html>
