2494 4454
254 462 270 511 6
362 493 371 514 .
558 455 882 514 OBSERVATIONES

296 613 315 676 i.
335 613 365 676 1.
382 613 410 676 3.
434 618 453 648 “
465 611 501 678 Ο.
520 611 718 676 Laelius...
738 611 879 700 legatus*
896 613 1072 699 quosdam.
1094 665 1100 677 .
1122 662 1130 676 .
1153 638 1215 678 se-

255 741 324 782 cum
342 719 464 782 duxit.'’

292 848 311 883 ἢ
325 845 371 903 At.
388 845 494 923 thatca
536 845 635 906 Scribe
654 847 760 922 loqutus
778 846 867 906 lectos
887 847 1033 924 quondan.-
1054 848 1091 906 cf.
1109 853 1139 906 2.
1164 855 1211 920 l.‚

253 947 280 1000 6.
297 948 323 1002 3.

299 1121 336 1130 -
352 1122 394 1134 -
409 1084 441 1146 4.
465 1083 579 1148 “idem
595 1089 663 1148 esse
679 1082 908 1147 eminentibus*
924 1082 1141 1148 faciendum.”

293 1209 648 1270 *coenantibus
1029 1177 1031 1180 ’

295 1409 337 1436 -.
353 1401 394 1421 -ι-
410 1371 441 1434 6.
465 1375 485 1407 “
495 1369 634 1435 studiose
649 1374 740 1434 curn*
756 1361 934 1457 proditore*
949 1369 1024 1457 egit,
1042 1371 1177 1434 uti-.'’

292 1501 311 1536 ἦ
324 1497 384 1557 Vix
397 1497 540 1556 credibile.
559 1499 638 1556 Fert.
652 1497 773 1556 audica
786 1498 852 1573 σφῶΐ,
864 1498 994 1572 proditer
1007 1497 1100 1555 ati—.

296 1656 379 1720 Ibid.
405 1665 489 1744 “per
506 1656 664 1744 Zeugma*
678 1656 861 1742 trajicerent
876 1657 1082 1742 exercitum.’'

292 1808 311 1844 t
325 1805 505 1865 Contrarium
518 1805 657 1866 fecerunt.
702 1803 800 1864 Scribe
808 1823 863 1879 per
876 1806 910 1863 Z.
925 1823 966 1864 cc.

295 2007 338 2016 -
352 2003 394 2011 —
410 1964 459 2028 10.
483 1969 502 1999 “
513 1963 624 2049 quam*
638 1962 724 2049 ipse*
739 1961 886 2026 remissus
901 1961 1017 2026 foret.’'

292 2095 311 2130 ἢ
324 2087 420 2168 Vulgo
433 2103 514 2168 quam
526 2093 560 2150 nt'.
603 2083 703 2148 Potius
716 2090 774 2165 tare
787 2091 821 2148 ci.

296 2291 335 2301 —
353 2253 383 2317 3.
398 2252 428 2316 6.
454 2249 533 2313 “in*
549 2248 709 2314 Troezena
722 2260 756 2312 et
770 2248 803 2311 in
819 2247 894 2313 alias
909 2250 1037 2315 urbes.''

243 2360 246 2366 Ι
293 2401 313 2439 ⁴⁵
326 2397 428 2457 Malim
440 2397 535 2456 abesse
548 2398 614 2455 ante
626 2395 776 2472 proprium
788 2395 1038 2484 praepositionem.¹
1065 2398 1111 2456 (tf.
1126 2398 1195 2456 Sal.

254 2501 322 2559 lust.
340 2499 401 2558 Oct.
416 2498 475 2568 27„
493 2494 650 2554 “Faesaua
667 2499 757 2570 atque
777 2495 885 2568 in—;'’
908 2500 937 2555 et
951 2499 1008 2568 30„
1033 2489 1054 2530 '⁴‘
1069 2496 1194 2572 Usquam

255 2603 284 2657 et
304 2598 411 2663 in—;”
433 2594 496 2652 Liv.
519 2613 612 2652 xxxv.
638 2598 682 2650 lc
706 2599 742 2662 4„
767 2594 947 2670 “Syracusas
969 2600 1055 2672 atque
1077 2595 1146 2653 in-
1162 2596 1193 2666 ;”

257 2697 315 2758 Cic.
330 2697 361 2754 dc
374 2694 445 2768 ch.
460 2692 490 2750 ii.
509 2696 550 2749 15.
566 2696 626 2762 28„
645 2699 663 2724 “
677 2683 819 2752 Crotonem
832 2695 862 2750 et
872 2685 976 2750 'in-‚’'
1009 2769 1011 2774 ,

298 2891 345 2916 -,
355 2893 397 2902 -
412 2854 442 2918 8.
466 2851 548 2916 “Sic
564 2901 571 2916 .
588 2901 595 2918 .
614 2898 620 2913 .
635 2849 794 2915 transtulit
806 2827 951 2916 bellurn.''

296 3003 313 3036 *
328 3000 416 3076 vulg.
434 2999 552 3076 Sthuc;
572 3016 626 3058 nec
645 2997 750 3056 desunt
769 2996 800 3055 in
821 2997 901 3056 codd.
916 2998 1066 3074 exempla:
1087 2997 1145 3059 Oic.
1160 3002 1192 3058 de

256 3101 293 3160 t.
310 3100 416 3176 Auser.
436 3097 531 3163 iter.
549 3101 605 3170 56„
627 3097 659 3154 de
671 3095 738 3154 Fac.
753 3115 782 3153 v.
801 3100 846 3155 14.
862 3101 919 3167 40„
941 3098 1015 3158 Gell.
1034 3097 1065 3157 ii.
1081 3103 1126 3157 26.
1144 3103 1186 3156 lt.

258 3199 305 3259 Sic
327 3197 414 3258 etiam
430 3197 512 3273 apud
532 3195 594 3254 Liv.
617 3195 699 3253 xxiv.
724 3187 772 3254 20.
799 3199 841 3253 14.
863 3194 894 3254 in
918 3195 1020 3256 Ocdice
1043 3217 1106 3256 meo
1127 3198 1187 3273 lego

259 3298 377 3374 “sicque
390 3296 491 3354 diebus
503 3295 614 3371 aliquot
626 3294 733 3352 frustra
746 3293 788 3352 ibi
801 3291 990 3370 absumptis.''

301 3497 343 3508 -
357 3458 386 3520 4.
404 3456 432 3520 5.
459 3462 477 3493 “
488 3452 574 3540 quod
589 3475 687 3540 quum
702 3451 829 3518 Pisidae
845 3452 1139 3519 credidissent*-.''
1195 3505 1198 3514 .

296 3603 315 3642 ⁴⁵
329 3601 355 3660 I.
370 3622 394 3661 e.
408 3616 500 3679 quum
513 3600 699 3661 credidissent
711 3605 738 3658 ot
751 3601 929 3660 Mandasset
942 3604 1101 3679 angustast
1116 3604 1182 3664 nim.

258 3703 426 3762 antecedens
439 3713 484 3762 res
495 3711 547 3778 pro
558 3700 760 3778 consequentis
782 3700 849 3760 vide
867 3700 941 3760 otta
958 3703 991 3762 aia
1006 3699 1087 3764 Oret
1102 3723 1127 3781 p.
1137 3709 1181 3764 24.
