2494 4454
195 501 244 560 IN
263 497 462 560 FRONTINI
487 497 720 559 emmae.
741 499 784 558 11.
925 505 959 558 13

58 659 142 724 Ibid.
179 657 367 723 “affirmans
399 679 506 722 seeum
532 669 564 723 et
596 660 685 722 eum*
718 657 810 723 bonis
839 658 960 725 civibus

1 767 219 830 dimicaturos
236 786 298 842 eos,
315 763 433 828 nisi-
450 763 477 827 .''

52 895 73 931 ἢ
87 894 236 953 Omittnmt
249 893 329 951 codd.
350 892 447 970 plures
464 892 583 950 alteram
595 891 843 978 praepositionem.
882 893 959 952 Fert.

1 993 93 1050 nonis
103 1011 164 1050 enen
178 997 204 1051 et
218 992 302 1050 benit.

57 1131 147 1194 -9.
165 1132 194 1196 1.
219 1134 237 1168 “
250 1128 398 1215 reliquias
420 1151 540 1206 eorum,
566 1129 640 1215 quie
660 1151 726 1194 nox
748 1129 960 1193 circumvene-

12 1235 99 1312 rat*
114 1236 373 1302 circumsedene.'’

57 1363 77 1399 ³⁵
90 1364 168 1421 Fert
190 1362 257 1438 qnia
269 1381 323 1420 nee
333 1379 393 1420 eene
406 1379 466 1420 nnn
479 1360 722 1420 interiacente.

63 1499 147 1566 Ibid.
173 1508 241 1565 “ut
254 1510 382 1588 postero
399 1498 450 1564 die
464 1498 693 1586 inrequietum*
715 1495 836 1565 facilius
853 1498 959 1566 debel-

8 1604 125 1670 laret.'’

56 1733 76 1770 *
89 1733 191 1792 Potine
204 1732 425 1809 ieneqnn'nntnn.

61 1905 105 1917 -
119 1906 162 1918 -
178 1869 207 1935 6.
233 1878 254 1911 “
265 1892 439 1957 somnoque
449 1882 482 1935 et
496 1891 583 1934 mero
598 1871 740 1957 pressit*
751 1870 768 1900 ”
828 1910 830 1916 .

59 1996 78 2032 ⁴*
92 1995 189 2054 Scribe
202 1997 345 2073 oppreeen.
755 1981 757 1984 Ι

64 2134 175 2198 -12.
197 2139 222 2198 l.
247 2141 316 2198 “ut
337 2134 478 2218 vellum.
501 2184 507 2197 .
530 2135 722 2200 .circuirent
743 2137 958 2202 concinerent·

15 2241 110 2324 que*
121 2239 140 2266 ''

58 2366 139 2423 *At
161 2367 388 2444 eontinnentqne.
428 2368 506 2425 Fert.
547 2368 766 2444 continenterque
779 2370 958 2432 concinerent.

62 2542 103 2552 -
117 2540 161 2551 —
174 2505 205 2566 2.
228 2503 357 2586 “Quod
377 2526 474 2590 quum
490 2502 621 2569 solerte*
642 2527 683 2569 ex
694 2505 958 2593 disciplinafeeis·

16 2621 75 2686 set,
91 2646 134 2658 -
146 2609 172 2675 .”

56 2737 75 2774 ⁴⁶
88 2738 175 2797 Codd.
194 2737 302 2798 eoleere.
337 2739 415 2798 Fert.
454 2739 532 2808 Quod
544 2759 631 2817 quem,
644 2761 696 2818 qne
709 2743 799 2801 minna
812 2741 959 2802 eebveretnr

17 2835 175 2911 dienplinn,
183 2837 303 2912 feeieeet.

63 2972 142 3040 Ibid.
168 2981 186 3014 “
199 2992 350 3062 exceptus
364 2976 445 3040 forte
460 2978 543 3042 veris
557 2976 687 3056 insidiis,
706 2977 780 3064 quie
790 2979 955 3066 praedixe-

17 3081 94 3156 rat*
108 3080 264 3146 interritos
279 3081 392 3146 milites
406 3082 547 3150 hebuit.’'

56 3206 75 3242 ⁴*
86 3206 163 3266 Fert.
176 3206 329 3287 2-[feleas
341 3208 474 3290 insidias]
489 3211 555 3287 qnia
565 3211 751 3286 praedivinat.

62 3386 104 3397 -
117 3382 159 3393 -
174 3347 204 3410 6.
230 3355 250 3386 “
266 3369 323 3433 per
339 3369 480 3412 aversam
494 3361 617 3435 partem
631 3361 725 3414 noete
740 3350 877 3415 missos!
889 3349 903 3377 '’

58 3471 77 3508 ⁴⁶
91 3471 188 3531 Seribe
201 3474 317 3533 eminete.

62 3647 103 3660 —
117 3647 159 3659 -
173 3611 204 3678 4.
228 3615 248 3649 “
262 3612 342 3678 elam
357 3612 467 3700 duxit*
482 3612 685 3685 exereitunn”
781 3632 784 3638 ·

60 3737 78 3774 '⁵
91 3737 186 3798 Scribe
197 3739 324 3800 dinen.-
339 3741 375 3801 ef.
388 3742 428 3800 iv.
443 3743 471 3802 7.
486 3746 533 3800 31.

471 3859 489 3898 n
