2494 4454
254 440 301 498 IN
320 438 518 498 FRONTINI
543 436 776 498 STRATEGG.
799 437 853 495 IV.
1000 443 1036 494 23

139 638 183 649 -
197 637 240 648 -—
255 600 306 664 24.
332 603 467 661 “totum
484 647 490 660 .
512 646 517 659 .
535 647 540 660 .
557 597 670 660 vicisse
685 595 795 674 videri,
814 595 900 683 quod
914 595 1036 664 hostes*

97 704 279 793 fugissent.’'

136 834 156 871 ⁴⁵
169 835 246 890 Fert
259 831 383 889 universi
394 831 465 907 quod
476 830 580 888 hostes:
600 829 637 888 cf.
650 828 670 886 i.
684 833 710 888 4.
726 834 763 900 9.,
782 834 901 905 “quum
914 831 1038 891 universi

61 931 63 934 ’
96 951 128 989 se
141 932 236 990 hostes
249 931 446 989 effudissent.'’

142 1107 185 1119 -
199 1112 243 1122 -
262 1069 312 1133 29.
337 1066 413 1132 “ibi
431 1066 546 1153 positis
572 1066 687 1130 nostris
715 1066 873 1152 equitibus
896 1067 1037 1155 incipere

100 1175 182 1238 inter
197 1173 353 1238 hostium*
369 1172 544 1259 equitatum
559 1171 735 1258 proeliari.’'

138 1303 158 1339 ’θ
178 1302 256 1358 Fon.
280 1301 355 1358 inter
375 1301 427 1357 hos
450 1303 479 1361 et
499 1299 627 1358 hostium.
682 1301 738 1360 Vel
759 1301 846 1358 etiem
868 1299 913 1358 bie
935 1299 1041 1376 seripta

101 1419 209 1475 praep„
241 1400 315 1490 inter
344 1397 407 1477 [eos
433 1405 462 1456 et
490 1395 581 1476 inter]
610 1398 748 1458 hostium:
776 1400 872 1457 Hand.
886 1417 935 1458 n1.
954 1402 1038 1470 409.;

101 1499 173 1556 adde
187 1498 245 1557 cie.
261 1499 293 1555 de
305 1499 342 1555 L.
357 1496 463 1574 Aqrar.
478 1496 508 1556 ii
524 1501 570 1556 33.
585 1501 644 1568 89„
659 1499 748 1555 Aead.
763 1498 794 1556 ii.
811 1499 837 1558 7.
854 1502 902 1556 21.

143 1673 186 1684 -
199 1678 242 1690 -
257 1636 309 1698 42.
334 1639 464 1719 “quum
487 1635 538 1697 in*
554 1635 696 1721 agmine*
711 1635 825 1700 milites
846 1639 1042 1700 continerent

102 1763 135 1803 se
150 1741 232 1804 intra
247 1739 373 1804 castra.”

143 1869 254 1966 'iffi'
268 1867 417 1926 unanimes.

145 2043 187 2054 —
201 2043 243 2053 —
256 2006 308 2068 43.
332 2005 448 2068 “rati.
472 2055 479 2070 .
501 2005 586 2070 ,alio
614 2005 713 2069 milite
741 2006 825 2093 apud
851 2005 1040 2072 Marathona

103 2121 290 2197 pugnatum,
307 2109 419 2174 alium*
435 2133 492 2198 pro
508 2111 604 2174 muris
621 2111 684 2175 suis
700 2111 848 2199 obponi.'’

141 2239 161 2276 '⁶
181 2237 235 2295 alio
250 2238 329 2309 vat,
345 2237 452 2307 Medd„
474 2237 587 2309 Leidd„
609 2238 734 2296 Hillens.
756 2240 835 2298 Fort.
850 2239 906 2297 alio
920 2259 953 2315 p.
966 2261 1001 2298 m.
1018 2262 1040 2300 ε.

98 2335 300 2430 propuqnwrt'5
319 2335 390 2395 nim.
406 2336 461 2394 abl.
477 2336 677 2406 instrumenti5
700 2337 766 2398 vide
780 2339 817 2396 ed
829 2337 859 2397 ii
874 2340 902 2396 3.
917 2342 944 2401 7.

147 2512 189 2524 -
212 2510 256 2522 -
278 2475 329 2536 44.
365 2482 571 2560 “magnaque
602 2473 689 2538 edita
719 2473 816 2540 caede
844 2475 929 2541 ultus
960 2491 1042 2542 esset

106 2579 225 2646 euoe*.''

144 2709 163 2747 ⁴⁵
177 2708 256 2766 Fert.
269 2725 341 2765 tuae.

149 2844 233 2910 Ibid.
257 2851 447 2930 “tamquam
462 2843 551 2922 suis*,
570 2845 678 2908 et—.'’

144 2973 164 3012 ⁴*
176 2973 254 3032 Fort.
270 2972 328 3031 tuit
341 2971 427 3030 selvie
440 2976 515 3030 et-
526 3016 532 3029 .
