2494 4454
270 485 319 546 IN
339 483 536 545 PRONTINI
557 431 786 546 sTeATEeo.
800 483 844 542 II.
1003 487 1035 541 11

135 684 179 697 -
195 647 224 710 6.
241 646 269 710 1.
295 643 480 732 “Ejusdem
495 645 637 732 generis*
651 643 831 709 hominibus
846 682 888 693 -
905 643 933 708 .'’

133 773 154 811 ἢ*
167 775 246 832 Fore.
263 771 363 848 uentis.

136 889 219 956 Ibid.
245 898 265 930 “
276 890 329 954 via
344 888 417 954 data
431 899 487 968 est,
510 911 592 976 quae
609 887 729 953 Gallica
745 887 963 974 adpellatur.*”

131 1017 152 1054 ⁴⁵
161 1017 240 1076 Fert.
260 1016 356 1088 adhue,
371 1016 419 1075 vel
433 1017 470 1075 ad
481 1016 552 1074 tuno
565 1015 644 1087 diem,
660 1003 826 1090 adnulletur.

135 1199 179 1212 -
193 1199 237 1211 —
250 1161 280 1224 4.
304 1166 432 1247 “quum
445 1160 747 1246 edThrasymenum
762 1158 876 1224 inclusi
887 1157 1038 1223 Romani*

91 1265 244 1331 acerrime
259 1264 467 1352 pugnarent.'’

130 1393 152 1430 ³*
164 1393 241 1451 Fort
260 1411 360 1469 quum.
376 1435 383 1448 .
399 1389 502 1450 inclusi
513 1391 566 1449 Ro.
593 1388 674 1469 [laon
687 1392 784 1449 monte
797 1386 887 1468 ferro]
909 1391 1040 1448 neurim

85 1495 256 1568 puqnurent.
291 1563 293 1567 Ι

135 1627 218 1693 Ibid.
244 1633 454 1715 “euntesque
470 1626 538 1714 sine
556 1649 685 1690 suorum
701 1625 855 1712 sanguine
880 1626 1039 1692 stravit.*’'

130 1755 150 1792 ²*
162 1755 229 1814 Non
242 1757 352 1824 stravit,
364 1773 416 1812 nee
425 1756 538 1831 poterat
551 1754 612 1812 sine
623 1773 739 1812 suorum
753 1753 892 1828 sanguine
902 1758 1037 1814 sternere.

96 1853 176 1914 Fort.
197 1854 272 1912 exuit
284 1855 389 1912 nrmie:
402 1853 437 1911 ef.
448 1853 511 1911 Liv.

134 2030 178 2040 -
191 2031 234 2042 -
249 1993 279 2056 8.
303 1996 323 2027 “
336 2013 434 2077 quum
446 1990 604 2056 docuisset
619 1991 758 2078 nautius*
772 2013 852 2073 esse,
868 2031 909 2042 -
926 1993 953 2056 .”

130 2119 150 2156 ⁴*
163 2118 250 2178 codd.
269 2118 373 2193 aptius.
415 2119 493 2176 Fort.
517 2119 650 2194 optatius.
1036 2093 1038 2096 Ι

134 2291 178 2303 -
191 2292 235 2302 -
252 2257 299 2318 10.
321 2254 442 2320 “Idem
456 2256 540 2321 inter
565 2258 687 2321 cetera*
711 2268 882 2344 praecepta
904 2257 1039 2345 impera-

92 2362 173 2426 toria
187 2361 357 2426 memoriae
372 2360 514 2440 tradidit,
536 2400 577 2410 -
596 2363 621 2428 .'’

130 2489 150 2528 ’ὅ
163 2478 239 2547 Fert
262 2493 335 2548 nerto
354 2491 403 2548 vel
427 2491 546 2550 certiora
559 2491 608 2549 vel
630 2491 790 2556 certissimo.
831 2492 875 2551 De
894 2496 1039 2568 permuta-

92 2589 168 2647 tione
182 2588 218 2645 ad
232 2587 290 2646 oio.
304 2590 337 2646 de
356 2588 406 2665 Off.
418 2589 438 2648 i.
454 2593 501 2647 16.
518 2593 564 2648 51.

135 2726 216 2793 Ibid.
240 2739 370 2814 “usque
387 2726 427 2791 ed
442 2727 671 2814 pemioiem.*”

130 2854 150 2892 ¹⁵
162 2856 239 2915 Fert
257 2854 451 2932 perniciosam.

133 3031 177 3042 -
193 2994 226 3060 7.
245 2999 271 3059 l.
298 2993 413 3071 “Quae
424 3013 474 3056 res
492 3039 498 3054 .
516 3042 524 3057 .
543 2991 886 3079 ,adtulit31emque*.
904 3042 911 3055 .
928 2995 1038 3058 .resti-

93 3097 185 3163 tuit.''

140 3207 159 3246 '⁵
171 3193 416 3283 Distinguendum
432 3209 682 3283 :fflronuntiuut‘t
698 3254 706 3270 .
722 3253 728 3266 .
745 3208 847 3286 ‚Quae
868 3228 929 3269 res.
944 3253 951 3268 .
967 3253 974 3268 .
989 3211 1037 3269 ud·

94 3305 179 3383 tulit),
193 3325 320 3383 remque.
335 3348 343 3364 .
357 3348 365 3365 .
379 3307 516 3365 restitnit.

133 3481 232 3494 -—
246 3446 276 3510 3.
304 3447 430 3532 “quum
453 3444 620 3510 auxiliares
636 3446 733 3532 ejus*
759 3445 863 3511 missi*
887 3446 925 3511 ab
950 3447 1032 3534 ipso,

94 3551 322 3617 circumventi.
341 3602 348 3616 .
365 3602 371 3616 .
389 3552 524 3618 essent.”

129 3679 148 3717 ⁴⁵
159 3678 284 3741 Videtur
296 3681 407 3758 aliquid
416 3683 518 3741 deesse.
546 3648 834 3740 Fortu-uuodiures
851 3683 908 3758 ejus
924 3681 1036 3758 equites

93 3778 270 3856 exploratum
284 3780 385 3840 emissi.

286 3877 289 3886 ·
579 3865 598 3898 ο
