2494 4454
239 438 274 494 12
542 429 873 494 OBSERVATIONES

277 629 321 642 -
334 627 379 639 -
392 589 424 654 4.
450 592 582 675 “quum
608 587 764 676 Syphacis
793 588 891 676 legsti
921 589 1121 658 nuntiarent*
1160 595 1201 657 ei

235 697 320 784 regis
335 696 384 762 sui
397 694 536 774 nomine,
552 716 593 759 ne
611 744 617 756 .
684 695 859 760 transiret.”

273 845 293 884 ⁴*
306 845 387 904 sort.
408 843 623 903 denuntiarent:
637 842 675 902 ef.
688 841 752 902 Liv.
765 842 806 904 ix.
818 847 866 904 86.
883 845 938 918 14,
959 848 981 882 “
991 844 1081 922 legati
1093 865 1200 908 vene·

233 948 300 1003 rant
312 943 500 1002 montinum
513 940 603 1002 Fabio
617 944 734 1000 mustus
745 942 849 1018 verbis,
868 962 927 1006 ns.
943 987 950 1004 .
966 987 974 1004 .
988 945 1164 1014 transiret.”
1235 981 1236 1006 t

276 1099 358 1166 Ibid.
384 1098 533 1163 “dimisit
547 1098 699 1186 propere*
714 1097 865 1186 legatos.”

272 1248 291 1287 Ῥ
303 1247 401 1323 Vulgo
414 1247 463 1306 s'rs.
504 1245 602 1306 Scribe
615 1245 703 1304 irrito
715 1264 751 1306 re

274 1445 318 1456 —
331 1443 374 1456 -
392 1405 420 1470 6.
446 1412 468 1444 “
481 1403 589 1468 celatis
605 1414 637 1468 et
651 1402 810 1468 hostibus*
827 1415 858 1469 et
872 1401 1050 1470 militibus.”

271 1554 291 1592 ¹*
304 1554 555 1630 Supervaeeneum
575 1549 669 1610 dicere
690 1549 780 1608 istum
804 1550 900 1610 hostes
926 1551 1043 1612 celasse.-
1080 1551 1192 1612 soribe
1235 1565 1236 1622 t

231 1651 350 1712 mbos.
772 1659 779 1672 '
1235 1649 1236 1676 ³

275 1848 316 1858 -
330 1847 374 1858 -
389 1811 419 1875 7.
443 1816 463 1846 “
474 1808 570 1893 quos*
586 1806 652 1884 ille,
673 1805 820 1895 exemplo
841 1829 882 1872 ne
908 1818 940 1872 et
957 1807 1054 1872 ueteri
1070 1830 1187 1875 move-

231 1929 349 1994 rentur,
367 1914 523 1980 edixit-
539 1913 569 1978 .''

253 2064 288 2108 1*
301 2063 349 2122 Al.
369 2081 420 2140 quo
434 2060 480 2120 ille
499 2059 635 2136 eomodo:
650 2061 686 2120 ef.
703 2065 730 2121 8.
745 2065 772 2120 8.
814 2061 916 2137 Neque
937 2063 1033 2126 obstat
1043 2061 1185 2122 nomine-

229 2165 308 2223 tivus
320 2161 522 2240 interpositus:
536 2160 571 2218 of.
586 2159 629 2218 iii.
643 2165 671 2225 9.
690 2164 726 2231 5.,
750 2159 926 2244 “Porioles’f
952 2161 1035 2224 Curt.
1049 2181 1079 2220 x.
1095 2167 1122 2221 9.
1139 2168 1183 2236 9.,

232 2287 251 2314 “
260 2279 423 2358 Meleagrsrl'
461 2277 545 2338 Adde
558 2277 618 2336 inf.
627 2278 664 2336 sd
676 2276 718 2336 iii.
732 2281 759 2336 2.
769 2282 797 2337 9.

271 2479 315 2492 -
330 2438 360 2504 8.
378 2437 408 2502 1.
435 2439 454 2476 “
467 2435 642 2523 signiferis*
657 2433 785 2523 segnius
800 2433 1048 2509 dimicantibus.”

268 2585 287 2624 ¹⁵
300 2587 366 2644 Non
397 2587 459 2643 erat
481 2583 682 2658 signiferorum
709 2583 852 2642 dimisere.
893 2584 1007 2644 Scribe:
1030 2584 1176 2662 siqns'fero,

229 2684 364 2744 Romanis
385 2683 494 2760 sequius
517 2682 721 2756 dimicantibus,
749 2691 859 2757 raptum
884 2682 994 2760 εἰρπαω
1017 2683 1051 2746 in
1073 2682 1178 2746 tasum

229 2785 315 2844 misit.

271 2981 315 2996 --
329 2983 371 2995 -
388 2944 417 3008 6.
442 2948 462 2981 “
473 2941 676 3036 robustisque
689 2939 724 3007 in
739 2940 867 3010 eciem*
878 2940 894 2968 ''

267 3089 287 3128 ⁴*
299 3090 389 3149 Reets
406 3089 480 3148 Oud.
502 3088 627 3148 exclusit
639 3087 708 3148 suis.
750 3087 808 3147 Sed
820 3087 895 3146 mele
918 3085 996 3146 idem
1008 3087 1065 3146 Ex.
1081 3091 1107 3145 8.
1121 3089 1175 3146 ad-

229 3188 309 3248 misit
321 3187 413 3248 reteri.

271 3385 314 3396 -
328 3384 372 3396 -
388 3347 438 3412 11.
465 3353 486 3386 “
497 3368 540 3410 ex
562 3345 630 3410 soie
651 3345 881 3434 refugientibus
896 3346 930 3409 in
945 3355 1046 3412 eastra
1065 3343 1172 3407 militi·
1233 3343 1234 3354 ’

229 3452 288 3519 bus
304 3454 404 3519 eoiem
420 3452 566 3517 suorum*
585 3451 763 3540 obposuit.'’

268 3602 288 3640 ¹*
305 3602 372 3664 Jam
403 3599 581 3680 refugientes
611 3599 661 3659 isti
690 3599 784 3678 ipsius
812 3604 894 3662 erent
916 3599 1033 3662 milites,
1073 3596 1170 3659 scribe
1233 3547 1234 3610 i

166 3761 170 3770 .
229 3718 385 3761 terrorum:
398 3699 466 3760 vids
480 3718 565 3777 supra
579 3699 655 3759 ad4.
672 3703 718 3760 18.

663 3821 684 3856 0
