2494 4454
253 430 299 489 IN
318 429 516 488 FRONTINI
538 427 770 488 STRATEGG.
793 429 845 486 IV.
979 434 1013 486 19

116 591 162 654 iv.
182 591 209 652 1.
225 591 254 656 8.
277 597 422 674 “eosque
444 587 581 652 hostium
603 587 709 674 specie
731 588 884 674 impetum
907 588 939 649 in
963 611 1013 650 ao-

69 695 235 759 cios*-.'’

112 826 133 862 ἢ
149 825 229 880 Fort.
244 841 315 880 aaoa.

119 961 203 1024 Ibid.
228 971 246 998 “
257 961 374 1025 strenui
390 972 495 1024 autem
509 960 542 1024 in
556 959 677 1024 fronte*
691 960 937 1047 prosiluissena”

117 1091 134 1122 ⁴*
151 1089 249 1146 Scribe
262 1088 293 1145 aa
299 1087 442 1162 frontem:
455 1087 498 1146 af.
512 1088 543 1145 ii.
558 1088 587 1146 8.
603 1091 649 1145 13.

119 1262 165 1274 -
179 1225 287 1288 -10,
311 1230 380 1288 “ne
403 1225 472 1310 quis
494 1273 553 1289 ...
576 1224 714 1312 hospitio
735 1224 1013 1290 matrisfamilias*

76 1329 252 1393 uteretur.”

117 1457 137 1494 ⁴⁶
149 1457 228 1516 Fora
241 1457 343 1516 lacuna
356 1461 400 1518 est
409 1457 557 1516 :-matra'a
563 1457 694 1533 familias
714 1457 778 1538 [aui
792 1459 906 1518 adultae
921 1465 1015 1516 essent

77 1551 172 1634 filiae]
181 1591 228 1612 —.

69 1679 77 1696 ⁸
121 1731 166 1742 -
179 1731 223 1742 -
236 1699 289 1759 23.
314 1695 478 1758 “minatus
498 1717 563 1758 non
585 1695 645 1758 nisi
668 1696 758 1782 post*
781 1696 943 1760 victoriam
966 1719 1014 1758 re-

80 1816 207 1890 ceptum
222 1805 290 1867 iri.”

121 1930 140 1966 ⁴⁶
154 1931 232 1988 Fort.
242 1931 356 2008 potitos.

124 2106 223 2120 --
238 2069 289 2133 24.
314 2067 477 2134 “Senatus
505 2119 511 2132 .
536 2117 542 2132 .
566 2119 574 2132 .
600 2070 750 2147 decrevit,
777 2093 842 2134 ne.
867 2120 872 2132 .
896 2117 929 2146 .,
956 2069 1016 2132 nisi

84 2174 199 2261 captis*
215 2187 247 2240 et
261 2176 352 2241 victis
367 2176 540 2242 hostibus.”

121 2301 140 2337 ⁴⁵
152 2301 229 2360 Fort.
244 2301 348 2362 lacuna
365 2305 408 2362 eat
418 2302 527 2360 :—aiaa'
538 2303 627 2376 captia
641 2301 693 2380 [ab
712 2301 843 2361 hostibus
864 2305 954 2380 signis
968 2324 1016 2364 ae-

85 2397 187 2477 eeptia]
202 2410 227 2458 et
239 2420 262 2459 a
275 2400 302 2458 Ιι.

128 2575 166 2587 -
182 2578 224 2588 -
239 2541 291 2608 27.
315 2547 332 2576 “
343 2538 521 2602 cohortem*
538 2551 570 2602 et
585 2537 817 2602 centuriones.”

124 2664 142 2700 ⁴*
155 2665 230 2721 Med.
247 2668 272 2721 l.
288 2665 415 2723 cohortes.
455 2665 533 2723 Fort-
547 2664 664 2723 aohorta'a
678 2665 852 2723 canturioaea.

129 2801 208 2867 lbid.
235 2812 254 2841 ‘⁴
263 2802 421 2889 galeatos*
437 2815 469 2868 et
484 2803 684 2868 discinctos.’'

126 2930 144 2966 '⁵
156 2930 233 2988 Fort.
248 2919 389 3007 calithoa.

119 3029 170 3118 ⁹-
183 3105 226 3117 —
240 3070 290 3132 44.
315 3075 334 3106 “
344 3069 497 3134 committi
510 3069 558 3134 hia
574 3068 823 3156 Rempublioam,
837 3069 951 3158 quam*
962 3071 1016 3135 de·

92 3174 280 3240 semissent.’'

127 3302 145 3339 ⁴⁶
156 3301 239 3360 Mss,
254 3302 312 3378 qai.
328 3303 427 3360 Scribe
440 3321 531 3361 comm.
544 3301 587 3359 laia
600 3302 709 3377 Ramp„
723 3302 821 3376 Remp.
836 3303 886 3380 qui
898 3303 950 3361 dea.

131 3476 170 3488 -
185 3440 214 3502 2.
232 3443 260 3504 1.
279 3449 347 3504 “ne
363 3438 463 3504 solum
477 3439 510 3501 in
526 3489 534 3504 .
551 3489 559 3504 .
576 3489 584 3520 ,
600 3462 710 3502 verum
725 3439 776 3504 et*
791 3438 896 3504 in··.”

128 3565 232 3626 *Fora
245 3585 336 3624 aarum
348 3570 375 3625 ot
387 3571 438 3625 at:
458 3567 525 3625 vide
539 3566 671 3625 Emendd.
687 3566 749 3625 La.
771 3566 804 3624 ii.
821 3568 863 3637 7.;
883 3567 948 3628 add.
961 3567 1016 3626 Bo-

95 3663 148 3723 aiua
160 3675 188 3726 et
200 3665 345 3726 Bardiliua
358 3666 394 3726 ad
407 3666 480 3744 Nep.
495 3666 591 3724 Haaa.
609 3668 652 3724 12.
668 3669 696 3724 2.
