2494 4454
294 510 328 562 14
598 503 925 562 OBSERVATIONES

333 703 375 712 -
392 664 441 728 13.
458 663 486 726 5.
512 667 531 698 “
544 685 607 726 non
624 662 733 725 armis*
750 661 804 726 sed
820 663 1018 728 vulneribus*
1035 665 1210 727 oneratus.’'

329 809 349 844 ἦ
364 843 400 853 -
416 807 434 845 ⁴⁶
448 808 539 866 Plane
553 811 658 877 contra,
673 827 730 866 non
744 808 913 868 vulneribus
936 811 986 868 sed
1003 810 1096 869 armis.
1138 812 1189 868 Al.
1204 812 1222 867 in

290 904 376 960 armis
389 913 412 961 ct
424 924 448 961 e.
465 924 488 962 o.
531 906 605 962 Fert
626 905 658 962 ab
677 905 771 974 wmia,
794 907 841 963 ted
858 906 1016 965 vulneribus
1037 907 1123 966 trallae
1138 928 1222 966 eaeo

292 1007 344 1059 tua

333 1198 377 1207 -
394 1161 421 1224 6.
447 1158 527 1223 “ille
544 1161 668 1247 signum
684 1162 832 1248 repente*
846 1161 951 1226 itineri
967 1162 1081 1228 dedit.”

330 1288 348 1324 ⁴⁵
362 1287 460 1345 Scribe
474 1290 634 1362 repetendo:
650 1288 685 1346 of.
699 1289 719 1346 i.
734 1293 761 1346 4.
772 1292 799 1346 3.

332 1484 375 1495 ..
389 1487 431 1495 -
446 1448 475 1511 9.
499 1451 619 1532 “atque
630 1447 690 1510 ita*
702 1446 817 1511 Poenis
831 1447 1094 1528 existimantibus,
1113 1501 1120 1514 .
1141 1498 1148 1510 .
1169 1499 1185 1530 .‚
1201 1497 1220 1508 -·

291 1552 457 1616 excessit.''

330 1699 348 1735 ⁴⁵
361 1697 607 1773 Distinguendum
618 1704 748 1776 z—otqae
774 1701 817 1758 a'ta
818 1744 958 1774 ......
967 1689 970 1696 Δ
980 1743 1088 1772 .....
1109 1702 1218 1761 excecat.

291 1797 365 1854 Vide
385 1797 442 1857 00.
455 1797 511 1855 St.
528 1797 559 1855 t'a
575 1797 690 1856 Sallust.
704 1818 733 1874 p.
750 1803 807 1872 43„
823 1818 880 1874 seq.

336 1956 418 2021 Ibid.
445 1966 568 2043 “atque
582 1957 627 2020 ita
643 2005 650 2018 .
668 2005 674 2018 .
693 2008 700 2022 .
717 1958 883 2024 terribilis*
899 1956 1061 2022 excessit.’'

331 2105 350 2141 ⁹⁶
362 2105 441 2162 Fort.
464 2103 573 2161 territis
587 2102 665 2160 c'lb'a:
680 2103 716 2161 cf.
734 2103 759 2162 7.
775 2106 830 2176 14.,
842 2103 881 2161 iv.
899 2104 925 2164 7.
939 2105 965 2164 7.
979 2106 1008 2161 et
1022 2108 1068 2162 20.

336 2263 379 2325 iii.
396 2263 425 2324 2.
442 2263 470 2326 9.
494 2265 513 2297 “
527 2259 597 2338 Quo
609 2282 712 2324 errore
724 2260 798 2339 illi*
812 2260 994 2326 custodibus
1010 2262 1166 2348 deceptis,
1176 2260 1219 2310 -''

332 2414 350 2450 ⁴⁶
364 2412 442 2469 Fort.
464 2409 591 2467 tollenda
604 2408 749 2466 distinctio
761 2430 768 2466 ε
785 2407 852 2466 vide
865 2409 901 2466 ad
914 2408 945 2466 ii.
959 2410 983 2470 7.
1000 2411 1024 2469 7.

352 2613 379 2622 -
392 2606 436 2615 -
452 2568 500 2630 10.
525 2573 592 2630 “ut
606 2539 837 2651 negotiatoruin
853 2567 975 2652 specie*
991 2529 1172 2631 fallerent.’'

333 2715 352 2752 ³⁶
363 2713 449 2773 Godd.
471 2713 592 2787 epactam.
634 2713 712 2770 Fort.
724 2713 913 2788 epect'cmproe
925 2732 953 2770 ee
959 2713 1077 2788 ferrent.

339 2871 419 2935 Ibid.
444 2877 464 2908 “
477 2870 515 2934 ab
531 2892 568 2933 ea
590 2868 704 2932 deinde
720 2879 808 2955 parte
831 2892 1000 2945 murorum,
1024 2893 1104 2957 quae
1119 2870 1220 2957 longis·

296 2980 373 3044 sime
386 2988 507 3041 remota
522 2987 597 3052 erat,
614 2974 781 3061 adparere*
797 2998 914 3062 paucos
931 2976 1186 3063 disposuerunt.’'

335 3124 354 3162 ⁹⁵
368 3122 489 3200 Oorrjicit
511 3123 602 3180 editor
619 3122 787 3181 Parisiensis
800 3143 875 3200 :-q.
889 3124 908 3180 l.
922 3128 1100 3186 remotcerot
1111 3144 1130 3183 c
1140 3128 1219 3202 porta

294 3245 326 3299 p.
343 3225 414 3298 disp.
423 3243 434 3286 ;
448 3226 534 3280 recte.

340 3379 421 3446 Ibid.
446 3376 646 3442 “Thebanae
675 3378 790 3442 naves*
814 3391 845 3444 et
867 3391 994 3465 portum
1016 3392 1183 3447 vacantem
1203 3394 1219 3444 et

297 3486 407 3552 urbem
423 3483 685 3571 occupaverunt.'’

336 3634 508 3700 *Quorsum
521 3651 586 3708 ergo
600 3631 740 3690 attinebat
752 3651 854 3690 novem
863 3633 948 3692 istam
960 3633 1106 3712 ingentem
1119 3631 1218 3696 armat

298 3729 503 3813 complevisse?
543 3730 640 3790 Scribe
657 3730 780 3792 Thebani
791 3736 907 3794 abactor.
1225 3749 1227 3840 p
