2494 4454
213 432 250 484 20
495 397 820 482 cnunuvnncuns

251 622 293 633 -
310 620 351 630 -
368 585 398 646 4.
418 588 436 620 “
443 585 510 668 jam
528 634 534 647 .
554 635 561 648 .
580 633 587 647 .
604 581 804 668 disciplinae*
820 581 1039 647 adsuefactis.'’

246 711 265 746 ⁴⁶
280 714 374 767 tactae
383 710 448 768 dice.
461 709 540 768 codd.
554 710 619 768 duo.
649 708 746 767 Scribe
759 713 898 767 attentae:
912 709 946 767 οἱ
956 682 1053 768 Vulci.
1066 711 1149 768 Max.

207 808 244 865 iv.
261 813 287 865 3.
305 812 343 877 9.,
362 801 688 883 “uttemuc'disciplince
701 806 872 864 indicium.”
965 856 968 864 .

249 983 290 992 -
306 947 336 1008 3.
354 946 383 1010 6.
402 950 422 982 “
432 945 568 1009 ahenum
584 955 616 1009 et
630 945 777 1008 unicum*
793 944 899 1009 veru.”

241 1072 260 1108 ⁴*
274 1073 349 1129 Fort.
365 1081 463 1130 uenum
476 1090 561 1130 unum
574 1071 707 1129 modicum
720 1076 746 1128 ct
758 1090 830 1129 veru.

247 1248 289 1259 -
300 1249 343 1260 -
355 1211 384 1277 7.
402 1210 620 1296 “crepusculo
634 1209 761 1274 demum
774 1209 813 1273 ad
823 1232 953 1274 coenam
964 1210 1147 1274 vacabat*.'’

243 1336 262 1372 ⁴⁶
275 1336 352 1394 Fort.
367 1335 510 1394 veniebat:
529 1337 565 1394 cf.
582 1336 638 1395 cio.
657 1337 687 1394 dc
701 1337 735 1394 F.
749 1336 780 1395 ii.
797 1341 843 1393 20.
862 1341 908 1394 64.

246 1511 289 1521 -
302 1512 345 1521 -
362 1475 411 1538 14.
430 1473 660 1559 “septuaginta
674 1472 772 1536 millia
787 1473 1024 1538 armatorum*.”

242 1600 261 1636 ⁴⁶
275 1601 413 1676 Magnum
436 1618 596 1670 numerum,
621 1602 656 1657 ut
677 1603 856 1659 armatorum.
886 1600 962 1658 Fort.
978 1619 1115 1657 umorum
1130 1623 1140 1656 :

204 1698 270 1756 vide
283 1699 418 1756 Emccdd.
431 1698 496 1756 Iac.
509 1697 540 1756 ii.
558 1702 602 1756 18.

243 1875 286 1884 —
300 1837 330 1900 4.
349 1839 375 1900 1.
394 1835 554 1900 “liberos*
569 1834 811 1899 Faliscorum*.''

240 1947 259 2000 4⁶
272 1964 349 2021 Fert.
365 1961 462 2020 liberos
470 1963 609 2036 primores
621 1963 669 2021 vel
681 1961 851 2020 Faliscorum
857 1962 1026 2060 primorum.

243 2105 329 2164 —6.
349 2102 377 2166 7.
400 2106 631 2185 “erumperent
654 2123 779 2177 sccum;
802 2101 835 2164 id
863 2100 922 2164 sibi
946 2100 1041 2162 animi
1061 2122 1140 2175 esse,

201 2207 321 2270 etiamsi
337 2205 455 2268 nemini
470 2205 510 2269 cd
525 2205 770 2292 erumpendum*
787 2204 916 2270 audacia
930 2204 1071 2268 fuisset.”

239 2334 257 2370 ⁹⁶
270 2333 411 2408 Displicet
420 2333 566 2391 iteratum.
586 2333 663 2391 Fert.
675 2333 845 2404 evadendum,
859 2333 1000 2390 veliacum
1013 2333 1139 2390 eundum.

243 2469 325 2533 lbid.
350 2471 430 2536 “Dc
447 2471 684 2535 cunctantibus*
699 2487 755 2536 ΧΠ.
773 2471 901 2535 omnino
919 2469 1085 2555 equitibus,
1107 2494 1137 2535 L.

198 2575 381 2661 peditibus.
400 2625 406 2638 .
426 2625 432 2639 .
449 2575 617 2662 repertis.'’

238 2702 257 2739 ⁴*
269 2703 348 2759 Fert.
363 2702 406 2759 De
419 2703 534 2760 eunctis.

241 2880 282 2890 -
297 2879 339 2888 --
357 2841 406 2903 14.
431 2846 450 2875 “
460 2863 520 2904 nec
535 2839 626 2904 dare*
641 2841 792 2926 poenam*
807 2839 991 2906 dubitavit.”

236 2967 255 3004 '⁶
269 2967 348 3024 Fort.
365 2967 439 3024 odore
447 2985 581 3042 puppam.

240 3103 322 3168 lbid.
348 3105 445 3191 “ipse
469 3128 541 3168 cum
564 3104 801 3190 quatuordecim
820 3104 939 3170 Aeliis*
955 3127 997 3168 ex
1021 3103 1135 3168 eadem

196 3209 344 3274 familia.”

237 3337 255 3374 *
268 3337 348 3395 Fert.
365 3335 440 3394 ult't'c.
474 3325 478 3348 '

239 3511 280 3521 --
293 3511 333 3523 -
346 3475 396 3538 15.
414 3474 553 3560 “adepti
568 3477 729 3551 mortem*,
746 3474 908 3539 victoriam
923 3473 1041 3560 patriae
1058 3495 1135 3536 con-

196 3580 366 3646 tulerunt.”

233 3687 252 3725 '⁵
272 3687 396 3747 Addidit
415 3692 526 3747 mortem
546 3688 674 3748 Oudend.
694 3708 731 3746 ex
760 3688 877 3746 duobus.
929 3687 985 3748 Sed
1012 3687 1133 3746 fortasse
